{"gold_per_floor":[113,19,19,39,51,51,62,162,162,162,177,187,187,200,200,304,304,284,299,151,164,164],"floor_reached":22,"playtime":942,"items_purged":["Strike_G"],"score":198,"play_id":"973fd27a-29ac-46d5-8761-7cbadcbe5bf9","local_time":"20210412201436","is_ascension_mode":true,"campfire_choices":[{"data":"Cloak And Dagger","floor":6,"key":"SMITH"},{"floor":10,"key":"REST"},{"floor":15,"key":"REST"}],"neow_cost":"NONE","seed_source_timestamp":312733037463500,"circlet_count":0,"master_deck":["Strike_G","Strike_G","Strike_G","Defend_G","Defend_G","Defend_G","Defend_G","Defend_G","Survivor","Neutralize","Slice","Cloak And Dagger+1","Acrobatics","Bouncing Flask","Dodge and Roll","Infinite Blades","Backstab","Cloak And Dagger","Backflip","Infinite Blades","Infinite Blades"],"relics":["Ring of the Snake","Omamori","Snake Skull","Sozu"],"potions_floor_usage":[22,22,22],"damage_taken":[{"damage":2,"enemies":"Jaw Worm","floor":1,"turns":4},{"damage":6,"enemies":"Cultist","floor":4,"turns":4},{"damage":4,"enemies":"2 Louse","floor":5,"turns":3},{"damage":26,"enemies":"Exordium Thugs","floor":7,"turns":6},{"damage":4,"enemies":"Red Slaver","floor":11,"turns":4},{"damage":0,"enemies":"Large Slime","floor":12,"turns":4},{"damage":6,"enemies":"Blue Slaver","floor":14,"turns":3},{"damage":16,"enemies":"The Guardian","floor":16,"turns":12},{"damage":24,"enemies":"2 Thieves","floor":18,"turns":4},{"damage":0,"enemies":"3 Byrds","floor":19,"turns":5},{"damage":42,"enemies":"Snecko","floor":21,"turns":7},{"damage":14,"enemies":"Shelled Parasite and Fungi","floor":22,"turns":3}],"seed_played":"3009158175421700017","potions_obtained":[{"floor":1,"key":"CunningPotion"},{"floor":5,"key":"FearPotion"},{"floor":11,"key":"Swift Potion"},{"floor":14,"key":"PowerPotion"},{"floor":16,"key":"EntropicBrew"}],"is_trial":false,"path_per_floor":["M","$","?","M","M","R","M","?","T","R","M","M","?","M","R","B",null,"M","M","$","M","M"],"character_chosen":"THE_SILENT","items_purchased":["Cloak And Dagger","Acrobatics","Infinite Blades"],"campfire_rested":2,"item_purchase_floors":[2,2,20],"current_hp_per_floor":[68,68,68,62,58,58,32,32,32,53,49,49,42,36,57,41,70,46,46,46,4,0],"gold":164,"neow_bonus":"RANDOM_COMMON_RELIC","is_prod":false,"is_daily":false,"chose_seed":false,"campfire_upgraded":1,"win_rate":0,"timestamp":1618272876,"path_taken":["M","$","?","M","M","R","?","?","T","R","?","M","?","M","R","BOSS","M","M","$","M","M"],"build_version":"2020-12-22","purchased_purges":1,"victory":false,"max_hp_per_floor":[70,70,70,70,70,70,70,70,70,70,70,70,70,70,70,70,70,70,70,70,70,70],"card_choices":[{"not_picked":["Deadly Poison","Flechettes"],"picked":"Slice","floor":1},{"not_picked":["Choke","Dagger Throw"],"picked":"Dodge and Roll","floor":4},{"not_picked":["Dodge and Roll","Deadly Poison"],"picked":"Infinite Blades","floor":5},{"not_picked":["Reflex","Choke","Dagger Spray"],"picked":"SKIP","floor":7},{"not_picked":["Flechettes","Calculated Gamble"],"picked":"Backstab","floor":11},{"not_picked":["Quick Slash","Crippling Poison"],"picked":"Cloak And Dagger","floor":12},{"not_picked":["Sucker Punch","PiercingWail","Reflex"],"picked":"SKIP","floor":14},{"not_picked":["Outmaneuver","Slice","Dagger Spray"],"picked":"SKIP","floor":18},{"not_picked":["Quick Slash","Dash"],"picked":"Backflip","floor":19},{"not_picked":["Endless Agony+1","Slice+1"],"picked":"Infinite Blades","floor":21}],"player_experience":111964,"relics_obtained":[],"event_choices":[{"damage_healed":0,"gold_gain":0,"cards_transformed":["Strike_G"],"player_choice":"Transformed","damage_taken":0,"max_hp_gain":0,"max_hp_loss":0,"event_name":"Transmorgrifier","floor":3,"gold_loss":0,"cards_obtained":["Bouncing Flask"]},{"damage_healed":0,"gold_gain":100,"player_choice":"Pray","damage_taken":0,"max_hp_gain":0,"max_hp_loss":0,"event_name":"Golden Shrine","floor":8,"gold_loss":0},{"damage_healed":0,"gold_gain":0,"player_choice":"Success","damage_taken":7,"relics_obtained":["Snake Skull"],"max_hp_gain":0,"max_hp_loss":0,"event_name":"Scrap Ooze","floor":13,"gold_loss":0}],"is_beta":false,"boss_relics":[{"not_picked":["Coffee Dripper","Black Star"],"picked":"Sozu"}],"items_purged_floors":[20],"is_endless":false,"potions_floor_spawned":[1,5,11,14,16,19],"killed_by":"Shelled Parasite and Fungi","ascension_level":2}