{"gold_per_floor":[119,129,144,163,176,176,190,210,287,362,362,362,380,345,345,441,441,451,63,76,88,106,106],"floor_reached":23,"playtime":910,"items_purged":["Strike_G"],"score":208,"play_id":"0722c9d3-f145-4225-bda6-a9867be697e6","local_time":"20210426002238","is_ascension_mode":true,"campfire_choices":[{"data":"Infinite Blades","floor":6,"key":"SMITH"},{"data":"Catalyst","floor":15,"key":"SMITH"}],"neow_cost":"NONE","seed_source_timestamp":541394503642400,"circlet_count":0,"master_deck":["Strike_G","Strike_G","Strike_G","Strike_G","Defend_G","Defend_G","Defend_G","Defend_G","Defend_G","Survivor","Neutralize","Deadly Poison","Tactician","Catalyst+1","Deadly Poison","Infinite Blades+1","Dagger Throw","Crippling Poison","Bane","Bullet Time","Blade Dance","Catalyst","Dagger Throw","Noxious Fumes","PiercingWail+1","Dash","Underhanded Strike"],"relics":["Ring of the Snake","Letter Opener","HoveringKite","Happy Flower"],"potions_floor_usage":[5],"damage_taken":[{"damage":0,"enemies":"2 Louse","floor":1,"turns":3},{"damage":4,"enemies":"Jaw Worm","floor":2,"turns":4},{"damage":12,"enemies":"Small Slimes","floor":3,"turns":5},{"damage":10,"enemies":"Gremlin Gang","floor":4,"turns":8},{"damage":8,"enemies":"2 Fungi Beasts","floor":5,"turns":3},{"damage":9,"enemies":"Looter","floor":7,"turns":3},{"damage":18,"enemies":"Lots of Slimes","floor":8,"turns":6},{"damage":8,"enemies":"2 Fungi Beasts","floor":13,"turns":4},{"damage":31,"enemies":"Hexaghost","floor":16,"turns":7},{"damage":29,"enemies":"3 Byrds","floor":18,"turns":6},{"damage":0,"enemies":"Chosen","floor":20,"turns":4},{"damage":26,"enemies":"Snake Plant","floor":21,"turns":5},{"damage":0,"enemies":"Centurion and Healer","floor":22,"turns":4},{"damage":52,"enemies":"Slavers","floor":23,"turns":5}],"seed_played":"2739888146079392906","potions_obtained":[{"floor":2,"key":"Block Potion"},{"floor":3,"key":"AttackPotion"},{"floor":7,"key":"FairyPotion"},{"floor":18,"key":"CultistPotion"}],"is_trial":false,"path_per_floor":["M","M","M","M","M","R","M","M","T","?","?","?","M","?","R","B",null,"M","$","M","M","M","E"],"character_chosen":"THE_SILENT","items_purchased":["Catalyst","Dagger Throw","Happy Flower","Noxious Fumes"],"campfire_rested":0,"item_purchase_floors":[19,19,19,19],"current_hp_per_floor":[77,73,61,51,43,43,34,16,16,5,5,30,22,41,41,10,77,48,48,48,22,22,0],"gold":106,"neow_bonus":"TEN_PERCENT_HP_BONUS","is_prod":false,"is_daily":false,"chose_seed":false,"campfire_upgraded":2,"win_rate":0,"timestamp":1619410958,"path_taken":["M","M","M","M","M","R","M","M","T","?","?","?","?","?","R","BOSS","M","$","M","M","M","E"],"build_version":"2020-12-22","purchased_purges":1,"victory":false,"max_hp_per_floor":[77,77,77,77,77,77,77,77,77,77,77,77,77,77,77,77,77,77,77,77,77,77,77],"card_choices":[{"not_picked":["Dodge and Roll","Bouncing Flask"],"picked":"Deadly Poison","floor":1},{"not_picked":["Dagger Throw","Sucker Punch"],"picked":"Tactician","floor":2},{"not_picked":["Backflip","Dodge and Roll"],"picked":"Catalyst","floor":3},{"not_picked":["Dagger Spray","Dash"],"picked":"Deadly Poison","floor":4},{"not_picked":["Calculated Gamble","Tactician"],"picked":"Infinite Blades","floor":5},{"not_picked":["Dash","Masterful Stab"],"picked":"Dagger Throw","floor":7},{"not_picked":["Sucker Punch","Quick Slash"],"picked":"Crippling Poison","floor":8},{"not_picked":["Deflect","Dagger Throw"],"picked":"Bane","floor":13},{"not_picked":["Wraith Form v2","Malaise"],"picked":"Bullet Time","floor":16},{"not_picked":["Backstab","Caltrops"],"picked":"Blade Dance","floor":18},{"not_picked":["Reflex","Dagger Throw"],"picked":"PiercingWail+1","floor":20},{"not_picked":["Tactician+1","Flechettes+1"],"picked":"Dash","floor":21},{"not_picked":["Deadly Poison","Dodge and Roll+1"],"picked":"Underhanded Strike","floor":22}],"player_experience":184191,"relics_obtained":[{"floor":9,"key":"Letter Opener"}],"event_choices":[{"damage_healed":0,"gold_gain":75,"player_choice":"Gather Gold","damage_taken":11,"max_hp_gain":0,"max_hp_loss":0,"event_name":"World of Goop","floor":10,"gold_loss":0},{"damage_healed":0,"gold_gain":0,"player_choice":"Ignored","damage_taken":0,"max_hp_gain":0,"max_hp_loss":0,"event_name":"Shining Light","floor":11,"gold_loss":0},{"damage_healed":25,"gold_gain":0,"player_choice":"Banana","damage_taken":0,"max_hp_gain":0,"max_hp_loss":0,"event_name":"Big Fish","floor":12,"gold_loss":0},{"damage_healed":19,"gold_gain":0,"player_choice":"Healed","damage_taken":0,"max_hp_gain":0,"max_hp_loss":0,"event_name":"The Cleric","floor":14,"gold_loss":35}],"is_beta":false,"boss_relics":[{"not_picked":["Fusion Hammer","Tiny House"],"picked":"HoveringKite"}],"items_purged_floors":[19],"is_endless":false,"potions_floor_spawned":[2,3,7,18,21],"killed_by":"Slavers","ascension_level":2}