{"gold_per_floor":[119,119,132,132,207,240,50,66,66,66,85,85,85,85,85,184,184,196,207,217,217,132,144,186,208,220,249,261],"floor_reached":28,"playtime":1039,"items_purged":[],"score":274,"play_id":"7f99adcb-8ed9-4d69-8e8c-2053e901fa12","local_time":"20210502225929","is_ascension_mode":true,"campfire_choices":[{"floor":10,"key":"REST"},{"data":"Noxious Fumes","floor":13,"key":"SMITH"},{"data":"Deadly Poison","floor":15,"key":"SMITH"},{"floor":23,"key":"REST"}],"neow_cost":"NONE","seed_source_timestamp":1141067724679500,"circlet_count":0,"master_deck":["Strike_G","Strike_G","Defend_G+1","Defend_G","Defend_G","Defend_G","Defend_G","Survivor+1","Neutralize","Sucker Punch","Choke","Finisher","All Out Attack","Terror","Noxious Fumes+1","Deadly Poison+1","Bouncing Flask","Glass Knife","Skewer+1","Cloak And Dagger+1","Escape Plan+1","Deflect+1","Poisoned Stab","Bouncing Flask+1","Deadly Poison"],"relics":["Ring of the Snake","FossilizedHelix","Frozen Egg 2","Omamori","Astrolabe","Gremlin Horn","MawBank","Snake Skull","Bottled Flame"],"potions_floor_usage":[6,19,20,24],"damage_taken":[{"damage":0,"enemies":"Cultist","floor":1,"turns":4},{"damage":2,"enemies":"Jaw Worm","floor":3,"turns":5},{"damage":60,"enemies":"Lagavulin","floor":6,"turns":10},{"damage":0,"enemies":"Small Slimes","floor":8,"turns":2},{"damage":0,"enemies":"3 Louse","floor":11,"turns":2},{"damage":17,"enemies":"The Guardian","floor":16,"turns":9},{"damage":0,"enemies":"Chosen","floor":18,"turns":4},{"damage":23,"enemies":"2 Thieves","floor":19,"turns":4},{"damage":32,"enemies":"Cultist and Chosen","floor":20,"turns":6},{"damage":11,"enemies":"Gremlin Leader","floor":24,"turns":6},{"damage":11,"enemies":"3 Cultists","floor":25,"turns":5},{"damage":18,"enemies":"Snake Plant","floor":27,"turns":4},{"damage":8,"enemies":"Colosseum Slavers","floor":28,"turns":3}],"seed_played":"-5894835836031364544","potions_obtained":[{"floor":3,"key":"Regen Potion"},{"floor":6,"key":"AttackPotion"},{"floor":16,"key":"LiquidBronze"},{"floor":18,"key":"FearPotion"},{"floor":20,"key":"Fire Potion"}],"is_trial":false,"path_per_floor":["M","?","M","?","?","E","$","M","T","R","M","?","R","?","R","B",null,"M","M","M","T","?","R","E","M","T","M","?"],"character_chosen":"THE_SILENT","items_purchased":["All Out Attack","Terror","Noxious Fumes"],"campfire_rested":2,"item_purchase_floors":[7,7,7],"current_hp_per_floor":[77,62,60,60,49,4,4,4,4,27,27,52,52,52,52,35,77,77,54,22,22,22,45,34,23,23,5,0],"gold":261,"neow_bonus":"TEN_PERCENT_HP_BONUS","is_prod":false,"is_daily":false,"chose_seed":false,"campfire_upgraded":2,"win_rate":0,"timestamp":1620010769,"path_taken":["M","?","M","?","?","E","$","M","T","R","M","?","R","?","R","BOSS","M","M","M","?","?","R","E","M","T","M","?"],"build_version":"2020-12-22","purchased_purges":0,"victory":false,"max_hp_per_floor":[77,77,77,77,77,77,77,77,77,77,77,77,77,77,77,77,77,77,77,77,77,77,77,77,77,77,77,77],"card_choices":[{"not_picked":["Slice","Infinite Blades"],"picked":"Sucker Punch","floor":1},{"not_picked":["Outmaneuver","Prepared"],"picked":"Choke","floor":3},{"not_picked":["Outmaneuver","Underhanded Strike"],"picked":"Finisher","floor":6},{"not_picked":["Predator","Tactician"],"picked":"Deadly Poison","floor":8},{"not_picked":["Dagger Throw","Malaise"],"picked":"Bouncing Flask","floor":11},{"not_picked":["Doppelganger","Phantasmal Killer"],"picked":"Glass Knife","floor":16},{"not_picked":["Outmaneuver","Poisoned Stab"],"picked":"Deflect+1","floor":18},{"not_picked":["Blade Dance+1","Slice"],"picked":"Poisoned Stab","floor":19},{"not_picked":["Deflect","Underhanded Strike+1","Setup"],"picked":"SKIP","floor":20},{"not_picked":["Heel Hook+1","Flechettes+1"],"picked":"Bouncing Flask+1","floor":24},{"not_picked":["Reflex+1","Blade Dance","Sucker Punch"],"picked":"SKIP","floor":25},{"not_picked":["Malaise","Dagger Throw"],"picked":"Deadly Poison","floor":27}],"player_experience":255706,"relics_obtained":[{"floor":6,"key":"FossilizedHelix"},{"floor":9,"key":"Frozen Egg 2"},{"floor":14,"key":"Omamori"},{"floor":21,"key":"Gremlin Horn"},{"floor":24,"key":"Snake Skull"},{"floor":26,"key":"Bottled Flame"}],"event_choices":[{"damage_healed":0,"gold_gain":0,"player_choice":"Entered Light","damage_taken":15,"max_hp_gain":0,"max_hp_loss":0,"event_name":"Shining Light","floor":2,"gold_loss":0,"cards_upgraded":["Defend_G","Survivor"]},{"damage_healed":0,"gold_gain":0,"player_choice":"Ignored","damage_taken":0,"max_hp_gain":0,"max_hp_loss":0,"event_name":"Liars Game","floor":4,"gold_loss":0},{"damage_healed":0,"gold_gain":75,"player_choice":"Gather Gold","damage_taken":11,"max_hp_gain":0,"max_hp_loss":0,"event_name":"World of Goop","floor":5,"gold_loss":0},{"damage_healed":25,"gold_gain":0,"player_choice":"Banana","damage_taken":0,"max_hp_gain":0,"max_hp_loss":0,"event_name":"Big Fish","floor":12,"gold_loss":0},{"damage_healed":0,"gold_gain":0,"player_choice":"Relic","damage_taken":0,"max_hp_gain":0,"max_hp_loss":0,"event_name":"Wheel of Change","floor":14,"gold_loss":0},{"damage_healed":0,"gold_gain":0,"player_choice":"Obtained Relic","damage_taken":0,"relics_obtained":["MawBank"],"max_hp_gain":0,"max_hp_loss":0,"event_name":"Addict","floor":22,"gold_loss":85},{"damage_healed":0,"gold_gain":0,"player_choice":"Fight","damage_taken":0,"max_hp_gain":0,"max_hp_loss":0,"event_name":"Colosseum","floor":28,"gold_loss":0}],"is_beta":false,"boss_relics":[{"not_picked":["Philosopher\u0027s Stone","Ectoplasm"],"picked":"Astrolabe"}],"items_purged_floors":[],"is_endless":false,"potions_floor_spawned":[3,6,16,18,20],"killed_by":"Colosseum Slavers","ascension_level":3}