{"gold_per_floor":[112,126,146,146,162,162,194,210,210,210,237,251,251],"floor_reached":13,"playtime":481,"items_purged":[],"score":91,"play_id":"c30fa547-8b00-48a9-b1a5-a71f84fe30d7","local_time":"20210504213449","is_ascension_mode":true,"campfire_choices":[{"data":"Neutralize","floor":6,"key":"SMITH"},{"data":"1","floor":10,"key":"LIFT"}],"neow_cost":"NONE","seed_source_timestamp":1309347688569500,"circlet_count":0,"master_deck":["Strike_G","Strike_G","Strike_G","Strike_G","Defend_G","Defend_G","Defend_G","Defend_G","Defend_G","Survivor","Neutralize+1","Malaise","Blade Dance","Blade Dance","Well Laid Plans","Dagger Throw","Glass Knife","Caltrops","Flying Knee"],"relics":["Ring of the Snake","Bronze Scales","Girya","Odd Mushroom"],"potions_floor_usage":[],"damage_taken":[{"damage":1,"enemies":"Jaw Worm","floor":1,"turns":4},{"damage":0,"enemies":"2 Louse","floor":2,"turns":3},{"damage":0,"enemies":"Small Slimes","floor":3,"turns":2},{"damage":0,"enemies":"Blue Slaver","floor":5,"turns":4},{"damage":22,"enemies":"3 Sentries","floor":7,"turns":8},{"damage":0,"enemies":"Large Slime","floor":8,"turns":4},{"damage":14,"enemies":"The Mushroom Lair","floor":11,"turns":3},{"damage":0,"enemies":"Exordium Wildlife","floor":12,"turns":2}],"seed_played":"-5003675330947424537","potions_obtained":[{"floor":8,"key":"EssenceOfSteel"},{"floor":11,"key":"Strength Potion"},{"floor":12,"key":"Energy Potion"}],"is_trial":false,"path_per_floor":["M","M","M","?","M","R","E","M","T","R","?","M","?"],"character_chosen":"THE_SILENT","items_purchased":[],"campfire_rested":0,"item_purchase_floors":[],"current_hp_per_floor":[69,69,69,62,62,62,40,40,40,40,26,26,0],"gold":251,"neow_bonus":"ONE_RANDOM_RARE_CARD","is_prod":false,"is_daily":false,"chose_seed":false,"campfire_upgraded":1,"win_rate":0,"timestamp":1620178489,"path_taken":["M","M","M","?","M","R","E","M","T","R","?","?","?"],"build_version":"2020-12-22","purchased_purges":0,"victory":false,"max_hp_per_floor":[70,70,70,70,70,70,70,70,70,70,70,70,70],"card_choices":[{"not_picked":["Underhanded Strike","Sucker Punch"],"picked":"Blade Dance","floor":1},{"not_picked":["Skewer","Slice"],"picked":"Blade Dance","floor":2},{"not_picked":["Corpse Explosion","Catalyst"],"picked":"Well Laid Plans","floor":3},{"not_picked":["Noxious Fumes","Distraction"],"picked":"Dagger Throw","floor":5},{"not_picked":["Choke","Acrobatics"],"picked":"Glass Knife","floor":7},{"not_picked":["Underhanded Strike","Expertise","Prepared"],"picked":"SKIP","floor":8},{"not_picked":["Prepared","Masterful Stab"],"picked":"Caltrops","floor":11},{"not_picked":["Reflex","Concentrate"],"picked":"Flying Knee","floor":12}],"player_experience":266783,"relics_obtained":[{"floor":7,"key":"Bronze Scales"},{"floor":9,"key":"Girya"},{"floor":11,"key":"Odd Mushroom"}],"event_choices":[{"cards_removed":["Strike_G"],"damage_healed":0,"gold_gain":0,"player_choice":"Card Removal","damage_taken":7,"max_hp_gain":0,"max_hp_loss":0,"event_name":"Golden Wing","floor":4,"gold_loss":0},{"damage_healed":0,"gold_gain":0,"player_choice":"Fought Mushrooms","damage_taken":0,"max_hp_gain":0,"max_hp_loss":0,"event_name":"Mushrooms","floor":11,"gold_loss":0}],"is_beta":false,"boss_relics":[],"items_purged_floors":[],"is_endless":false,"potions_floor_spawned":[8,11,12],"ascension_level":1}