{"gold_per_floor":[111,122,122,139,157,191,191,191,191,266,311,311],"floor_reached":12,"playtime":404,"items_purged":[],"score":94,"play_id":"61490cd6-a2ee-441e-b1a2-7bb23973012a","local_time":"20210503182855","is_ascension_mode":true,"campfire_choices":[{"data":"Neutralize","floor":7,"key":"SMITH"}],"neow_cost":"NONE","seed_source_timestamp":0,"circlet_count":0,"master_deck":["Strike_G","Strike_G","Strike_G","Strike_G","Strike_G","Defend_G","Defend_G","Defend_G","Defend_G","Defend_G","Survivor","Neutralize+1","Blade Dance","Bane","Blade Dance+1","Dagger Spray","Heel Hook"],"special_seed":0,"relics":["Ring of the Snake","The Courier","Regal Pillow"],"potions_floor_usage":[],"damage_taken":[{"damage":0,"enemies":"Small Slimes","floor":1,"turns":3},{"damage":7,"enemies":"Jaw Worm","floor":2,"turns":5},{"damage":0,"enemies":"2 Louse","floor":4,"turns":2},{"damage":5,"enemies":"Exordium Thugs","floor":5,"turns":5},{"damage":44,"enemies":"Lagavulin","floor":6,"turns":7},{"damage":18,"enemies":"Exordium Wildlife","floor":12,"turns":1}],"seed_played":"-5294890548485815408","potions_obtained":[{"floor":1,"key":"BlessingOfTheForge"},{"floor":4,"key":"FearPotion"}],"is_trial":false,"path_per_floor":["M","M","?","M","M","E","R","?","T","?","T","M"],"character_chosen":"THE_SILENT","items_purchased":[],"campfire_rested":0,"item_purchase_floors":[],"current_hp_per_floor":[77,70,75,75,70,26,26,26,26,15,15,0],"gold":311,"neow_bonus":"TEN_PERCENT_HP_BONUS","is_prod":false,"is_daily":false,"chose_seed":false,"campfire_upgraded":1,"win_rate":0,"timestamp":1620080935,"path_taken":["M","M","?","M","M","E","R","?","T","?","?","M"],"build_version":"2020-12-22","purchased_purges":0,"victory":false,"max_hp_per_floor":[77,77,82,82,82,82,82,82,82,82,82,82],"card_choices":[{"not_picked":["Deadly Poison","Dagger Throw"],"picked":"Blade Dance","floor":1},{"not_picked":["Prepared","Crippling Poison"],"picked":"Bane","floor":2},{"not_picked":["Envenom","Riddle With Holes"],"picked":"Blade Dance","floor":4},{"not_picked":["Acrobatics","Underhanded Strike"],"picked":"Dagger Spray","floor":5},{"not_picked":["Outmaneuver","Acrobatics"],"picked":"Heel Hook","floor":6}],"player_experience":260166,"relics_obtained":[{"floor":9,"key":"The Courier"},{"floor":11,"key":"Regal Pillow"}],"event_choices":[{"damage_healed":0,"gold_gain":0,"player_choice":"Donut","damage_taken":0,"max_hp_gain":5,"max_hp_loss":0,"event_name":"Big Fish","floor":3,"gold_loss":0},{"damage_healed":0,"gold_gain":0,"player_choice":"Grow","damage_taken":0,"max_hp_gain":0,"max_hp_loss":0,"event_name":"Living Wall","floor":8,"gold_loss":0,"cards_upgraded":["Blade Dance"]},{"damage_healed":0,"gold_gain":75,"player_choice":"Gather Gold","damage_taken":11,"max_hp_gain":0,"max_hp_loss":0,"event_name":"World of Goop","floor":10,"gold_loss":0}],"is_beta":false,"boss_relics":[],"items_purged_floors":[],"is_endless":false,"potions_floor_spawned":[1,4],"killed_by":"Exordium Wildlife","ascension_level":4}