{"gold_per_floor":[113,125,125,41,56,56,81,81,81,81,93,103,83,97,97,97],"floor_reached":16,"playtime":664,"items_purged":[],"score":107,"play_id":"0d61e93e-752a-435a-9a38-ce4bb5c72c9a","local_time":"20210504211550","is_ascension_mode":true,"campfire_choices":[{"data":"Quick Slash","floor":6,"key":"SMITH"},{"data":"Dagger Spray","floor":8,"key":"SMITH"},{"floor":15,"key":"REST"}],"neow_cost":"NONE","seed_source_timestamp":0,"circlet_count":0,"master_deck":["Strike_G","Strike_G","Strike_G","Strike_G","Strike_G","Defend_G","Defend_G","Defend_G","Defend_G","Defend_G","Survivor","Neutralize","Mind Blast+1","Quick Slash+1","Backflip","Flash of Steel","Dagger Spray+1","Sucker Punch","Dagger Spray","Blur","PiercingWail"],"special_seed":0,"relics":["Ring of the Snake","InkBottle"],"potions_floor_usage":[],"damage_taken":[{"damage":7,"enemies":"Jaw Worm","floor":1,"turns":9},{"damage":2,"enemies":"Cultist","floor":2,"turns":4},{"damage":5,"enemies":"Small Slimes","floor":5,"turns":2},{"damage":35,"enemies":"3 Sentries","floor":7,"turns":9},{"damage":3,"enemies":"Exordium Wildlife","floor":11,"turns":3},{"damage":5,"enemies":"Large Slime","floor":12,"turns":4},{"damage":0,"enemies":"Red Slaver","floor":14,"turns":6},{"damage":41,"enemies":"Slime Boss","floor":16,"turns":8}],"seed_played":"-1574349669832136176","potions_obtained":[{"floor":1,"key":"SteroidPotion"},{"floor":12,"key":"DuplicationPotion"},{"floor":13,"key":"GamblersBrew"}],"is_trial":false,"path_per_floor":["M","M","?","$","M","R","E","R","T","?","M","M","?","M","R","B"],"character_chosen":"THE_SILENT","items_purchased":["Flash of Steel"],"campfire_rested":1,"item_purchase_floors":[4],"current_hp_per_floor":[63,61,61,61,56,56,21,21,21,26,23,18,18,18,40,0],"gold":97,"neow_bonus":"RANDOM_COLORLESS","is_prod":false,"is_daily":false,"chose_seed":false,"campfire_upgraded":2,"win_rate":0,"timestamp":1620177350,"path_taken":["M","M","?","?","M","R","E","R","T","?","?","M","?","M","R","BOSS"],"build_version":"2020-12-22","purchased_purges":0,"victory":false,"max_hp_per_floor":[70,70,70,70,70,70,70,70,70,75,75,75,75,75,75,75],"card_choices":[{"not_picked":["Finesse","Jack Of All Trades"],"picked":"Mind Blast","floor":0.0},{"not_picked":["Cloak And Dagger","Well Laid Plans"],"picked":"Quick Slash","floor":1},{"not_picked":["Underhanded Strike","Bouncing Flask"],"picked":"Backflip","floor":2},{"not_picked":["Predator","Underhanded Strike"],"picked":"Dagger Spray","floor":5},{"not_picked":["Dagger Throw","Storm of Steel"],"picked":"Sucker Punch","floor":7},{"not_picked":["Concentrate","Backflip"],"picked":"Dagger Spray","floor":11},{"not_picked":["Sucker Punch","Acrobatics"],"picked":"Blur","floor":12},{"not_picked":["Dagger Spray","Cloak And Dagger"],"picked":"PiercingWail","floor":14}],"player_experience":265480,"relics_obtained":[{"floor":7,"key":"InkBottle"}],"event_choices":[{"damage_healed":0,"gold_gain":0,"player_choice":"Forge","damage_taken":0,"max_hp_gain":0,"max_hp_loss":0,"event_name":"Accursed Blacksmith","floor":3,"gold_loss":0,"cards_upgraded":["Mind Blast"]},{"damage_healed":0,"gold_gain":0,"player_choice":"Donut","damage_taken":0,"max_hp_gain":5,"max_hp_loss":0,"event_name":"Big Fish","floor":10,"gold_loss":0},{"damage_healed":0,"gold_gain":0,"player_choice":"Bought 1 Potion","damage_taken":0,"max_hp_gain":0,"max_hp_loss":0,"event_name":"The Woman in Blue","floor":13,"gold_loss":0}],"is_beta":false,"boss_relics":[],"items_purged_floors":[],"is_endless":false,"potions_floor_spawned":[1,12],"killed_by":"Slime Boss","ascension_level":1}