{"gold_per_floor":[15,30,50,30,30,30,60,60,60,60,79,79,90,105,105,203,203,222,236,161,161,176,202,222,238,238,238,248,248,275,293,293,398,398,410,429,171,185,198,198,212,212],"floor_reached":42,"playtime":2674,"items_purged":["Defend_G"],"score":540,"play_id":"85756ab9-dbf4-4d87-b06c-f5adc53897d6","local_time":"20210502204133","is_ascension_mode":true,"campfire_choices":[{"data":"All Out Attack","floor":6,"key":"SMITH"},{"data":"Quick Slash","floor":8,"key":"SMITH"},{"data":"Neutralize","floor":10,"key":"SMITH"},{"data":"Adrenaline","floor":12,"key":"SMITH"},{"data":"Survivor","floor":15,"key":"SMITH"},{"floor":27,"key":"REST"},{"data":"Leg Sweep","floor":29,"key":"SMITH"},{"floor":32,"key":"REST"},{"floor":40,"key":"REST"}],"neow_cost":"NO_GOLD","seed_source_timestamp":1131157040102000,"circlet_count":0,"master_deck":["Strike_G","Defend_G","Defend_G","Defend_G","Defend_G","Survivor+1","Neutralize+1","Quick Slash+1","Dagger Throw","Cloak And Dagger","All Out Attack+1","PiercingWail","Adrenaline+1","Leg Sweep+1","Dagger Throw","Adrenaline","Riddle With Holes","Prepared+1","Blade Dance","Blade Dance","Endless Agony","Footwork+1","Shame","Deflect+1","Slice+1","Blade Dance","Tools of the Trade","Acrobatics+1","Quick Slash+1","Doppelganger+1","Deflect","Well Laid Plans","Choke+1","Backflip+1","PiercingWail+1"],"relics":["Ring of the Snake","Ice Cream","Happy Flower","Ninja Scroll","Cursed Key","Du-Vu Doll","Pear","The Courier","Astrolabe","Darkstone Periapt"],"potions_floor_usage":[33,39,42],"damage_taken":[{"damage":4,"enemies":"Cultist","floor":1,"turns":5},{"damage":0,"enemies":"2 Louse","floor":2,"turns":3},{"damage":1,"enemies":"Jaw Worm","floor":3,"turns":3},{"damage":13,"enemies":"Exordium Thugs","floor":4,"turns":4},{"damage":24,"enemies":"Gremlin Nob","floor":7,"turns":4},{"damage":1,"enemies":"Blue Slaver","floor":11,"turns":3},{"damage":0,"enemies":"Lots of Slimes","floor":13,"turns":1},{"damage":3,"enemies":"2 Fungi Beasts","floor":14,"turns":3},{"damage":16,"enemies":"The Guardian","floor":16,"turns":16},{"damage":0,"enemies":"Shell Parasite","floor":18,"turns":3},{"damage":3,"enemies":"2 Thieves","floor":19,"turns":3},{"damage":7,"enemies":"Shelled Parasite and Fungi","floor":22,"turns":5},{"damage":28,"enemies":"Book of Stabbing","floor":23,"turns":7},{"damage":15,"enemies":"Snake Plant","floor":24,"turns":5},{"damage":4,"enemies":"Centurion and Healer","floor":25,"turns":5},{"damage":7,"enemies":"3 Cultists","floor":28,"turns":4},{"damage":13,"enemies":"Gremlin Leader","floor":30,"turns":6},{"damage":9,"enemies":"Cultist and Chosen","floor":31,"turns":5},{"damage":27,"enemies":"Collector","floor":33,"turns":13},{"damage":4,"enemies":"3 Darklings","floor":35,"turns":6},{"damage":3,"enemies":"Orb Walker","floor":36,"turns":3},{"damage":15,"enemies":"Maw","floor":38,"turns":9},{"damage":26,"enemies":"Transient","floor":39,"turns":5},{"damage":22,"enemies":"4 Shapes","floor":41,"turns":4},{"damage":62,"enemies":"Giant Head","floor":42,"turns":8}],"seed_played":"-3160214292407244806","potions_obtained":[{"floor":2,"key":"SmokeBomb"},{"floor":3,"key":"SpeedPotion"},{"floor":7,"key":"SteroidPotion"},{"floor":13,"key":"Swift Potion"},{"floor":18,"key":"Block Potion"},{"floor":25,"key":"EntropicBrew"},{"floor":28,"key":"Dexterity Potion"},{"floor":35,"key":"AttackPotion"}],"is_trial":false,"path_per_floor":["M","M","M","M","$","R","E","R","T","R","M","R","M","M","R","B",null,"M","M","?","?","M","E","M","M","T","R","M","R","E","M","R","B",null,"M","M","$","M","M","R","M","E"],"character_chosen":"THE_SILENT","items_purchased":["Darkstone Periapt"],"campfire_rested":3,"item_purchase_floors":[37],"current_hp_per_floor":[66,66,65,52,52,52,28,28,28,28,27,27,27,24,24,8,70,70,67,67,67,60,32,17,13,23,47,40,40,27,18,42,15,80,76,73,73,58,32,56,34,0],"gold":212,"neow_bonus":"ONE_RARE_RELIC","is_prod":false,"is_daily":false,"chose_seed":false,"campfire_upgraded":6,"win_rate":0,"timestamp":1620002493,"path_taken":["M","M","M","M","$","R","E","R","T","R","M","R","?","M","R","BOSS","M","M","?","?","?","E","M","M","T","R","M","R","E","M","R","BOSS","M","M","$","M","M","R","M","E"],"build_version":"2020-12-22","purchased_purges":1,"victory":false,"max_hp_per_floor":[70,70,70,70,70,70,70,70,70,70,70,70,70,70,70,70,70,70,70,70,70,70,70,70,70,80,80,80,80,80,80,80,80,80,80,80,80,80,80,80,80,80],"card_choices":[{"not_picked":["Bane","Riddle With Holes"],"picked":"Quick Slash","floor":1},{"not_picked":["Terror","Prepared"],"picked":"Dagger Throw","floor":2},{"not_picked":["Outmaneuver","Bane"],"picked":"Cloak And Dagger","floor":3},{"not_picked":["Well Laid Plans","Deadly Poison"],"picked":"All Out Attack","floor":4},{"not_picked":["Acrobatics","Catalyst"],"picked":"PiercingWail","floor":7},{"not_picked":["Outmaneuver","Dagger Spray"],"picked":"Adrenaline","floor":11},{"not_picked":["Flechettes","Deadly Poison"],"picked":"Leg Sweep","floor":13},{"not_picked":["Leg Sweep","Poisoned Stab"],"picked":"Dagger Throw","floor":14},{"not_picked":["Night Terror","Glass Knife"],"picked":"Adrenaline","floor":16},{"not_picked":["Sucker Punch","Prepared"],"picked":"Riddle With Holes","floor":18},{"not_picked":["Deflect","Masterful Stab+1"],"picked":"Prepared+1","floor":19},{"not_picked":["Poisoned Stab+1","Dagger Throw+1"],"picked":"Blade Dance","floor":22},{"not_picked":["Tools of the Trade","Dodge and Roll"],"picked":"Blade Dance","floor":23},{"not_picked":["Dodge and Roll","Deadly Poison"],"picked":"Endless Agony","floor":24},{"not_picked":["Dagger Throw","Distraction"],"picked":"Footwork+1","floor":25},{"not_picked":["Bane","Blade Dance"],"picked":"Deflect+1","floor":28},{"not_picked":["Backstab","Dagger Spray"],"picked":"Slice+1","floor":30},{"not_picked":["Outmaneuver+1","Deadly Poison"],"picked":"Blade Dance","floor":31},{"not_picked":["Grand Finale","Malaise"],"picked":"Tools of the Trade","floor":33},{"not_picked":["Outmaneuver+1","Deadly Poison+1"],"picked":"Deflect","floor":35},{"not_picked":["Poisoned Stab","Distraction+1"],"picked":"Well Laid Plans","floor":36},{"not_picked":["Dagger Throw","Acrobatics+1"],"picked":"Choke+1","floor":38},{"not_picked":["Deflect","Escape Plan"],"picked":"Backflip+1","floor":39},{"not_picked":["Well Laid Plans+1","Unload"],"picked":"PiercingWail+1","floor":41}],"player_experience":252660,"relics_obtained":[{"floor":7,"key":"Happy Flower"},{"floor":9,"key":"Ninja Scroll"},{"floor":23,"key":"Du-Vu Doll"},{"floor":26,"key":"Pear"},{"floor":30,"key":"The Courier"}],"event_choices":[{"cards_removed":["Strike_G"],"damage_healed":0,"gold_gain":0,"player_choice":"Gave Gold","damage_taken":0,"max_hp_gain":0,"max_hp_loss":0,"event_name":"Beggar","floor":20,"gold_loss":75},{"damage_healed":0,"gold_gain":0,"player_choice":"Ignored","damage_taken":0,"max_hp_gain":0,"max_hp_loss":0,"event_name":"Ghosts","floor":21,"gold_loss":0}],"is_beta":false,"boss_relics":[{"not_picked":["Fusion Hammer","Calling Bell"],"picked":"Cursed Key"},{"not_picked":["Runic Pyramid","Philosopher\u0027s Stone"],"picked":"Astrolabe"}],"items_purged_floors":[37],"is_endless":false,"potions_floor_spawned":[2,3,7,13,14,18,24,25,28,35,36],"killed_by":"Giant Head","ascension_level":3}