{"gold_per_floor":[119,131,145,145,145,183,208,208,231,231,272,49,62,90,90,219,219,239,258,279,299,7,50,70,70,96,96,112,145,163,179,179,179],"floor_reached":33,"playtime":2971,"items_purged":["Strike_G","Strike_G"],"score":501,"play_id":"83727bd1-f9d7-4099-ab6a-148a5cd184cb","local_time":"20210719215600","is_ascension_mode":true,"campfire_choices":[{"data":"Skewer","floor":8.0,"key":"SMITH"},{"floor":10.0,"key":"REST"},{"data":"Dodge and Roll","floor":15.0,"key":"SMITH"},{"data":"Wraith Form v2","floor":25,"key":"SMITH"},{"floor":32,"key":"REST"}],"neow_cost":"NONE","seed_source_timestamp":0,"circlet_count":0,"master_deck":["Strike_G","Strike_G","Strike_G+1","Defend_G","Defend_G+1","Defend_G","Defend_G","Defend_G","Survivor","Neutralize+1","Skewer+1","Heel Hook","Poisoned Stab","Footwork","Dagger Spray","Footwork","Accuracy","Blade Dance","Dodge and Roll+1","PiercingWail","Wraith Form v2+1","Calculated Gamble+1","Well Laid Plans","Dodge and Roll+1","Footwork","Cloak And Dagger+1","Blade Dance","Blur"],"special_seed":0,"relics":["Ring of the Snake","Toy Ornithopter","Pen Nib","Bag of Preparation","Odd Mushroom","WristBlade","Lee\u0027s Waffle","Shuriken","Ancient Tea Set","Nloth\u0027s Gift","Incense Burner"],"potions_floor_usage":[23,29,31],"damage_taken":[{"damage":2.0,"enemies":"Jaw Worm","floor":1.0,"turns":8.0},{"damage":0.0,"enemies":"2 Louse","floor":2.0,"turns":2.0},{"damage":0.0,"enemies":"Small Slimes","floor":3.0,"turns":3.0},{"damage":28.0,"enemies":"Lagavulin","floor":6.0,"turns":6.0},{"damage":0.0,"enemies":"2 Fungi Beasts","floor":7.0,"turns":4.0},{"damage":26.0,"enemies":"3 Sentries","floor":11.0,"turns":6.0},{"damage":0.0,"enemies":"Looter","floor":13.0,"turns":3.0},{"damage":1.0,"enemies":"The Mushroom Lair","floor":14.0,"turns":5.0},{"damage":4.0,"enemies":"The Guardian","floor":16.0,"turns":15.0},{"damage":13,"enemies":"Spheric Guardian","floor":18,"turns":7},{"damage":14,"enemies":"3 Byrds","floor":19,"turns":5},{"damage":12,"enemies":"Sentry and Sphere","floor":20,"turns":8},{"damage":10,"enemies":"Snecko","floor":21,"turns":7},{"damage":21,"enemies":"Slavers","floor":23,"turns":4},{"damage":3,"enemies":"Cultist and Chosen","floor":24,"turns":8},{"damage":3,"enemies":"Shelled Parasite and Fungi","floor":28,"turns":8},{"damage":56,"enemies":"Gremlin Leader","floor":29,"turns":8},{"damage":1,"enemies":"3 Cultists","floor":30,"turns":7},{"damage":19,"enemies":"Chosen and Byrds","floor":31,"turns":7},{"damage":33,"enemies":"Champ","floor":33,"turns":11}],"seed_played":"-3402743263870614328","potions_obtained":[{"floor":6.0,"key":"FearPotion"},{"floor":7.0,"key":"Strength Potion"},{"floor":11.0,"key":"Fruit Juice"},{"floor":16.0,"key":"FairyPotion"},{"floor":21,"key":"ColorlessPotion"},{"floor":23,"key":"Poison Potion"},{"floor":29,"key":"SteroidPotion"},{"floor":31,"key":"Fire Potion"}],"is_trial":false,"path_per_floor":["M","M","M","?","?","E","M","R","T","R","E","$","M","?","R","B",null,"M","M","M","M","$","E","M","R","T","?","M","E","M","M","R","B"],"character_chosen":"THE_SILENT","items_purchased":["Accuracy","Blade Dance","Dodge and Roll","Lee\u0027s Waffle","Footwork"],"campfire_rested":2,"item_purchase_floors":[12,12,12,22,22],"current_hp_per_floor":[68,68,68,65,52,24,24,24,24,43,32,32,32,36,36,32,61,48,34,22,12,77,56,53,53,53,53,50,23,22,8,31,0],"gold":179,"neow_bonus":"UPGRADE_CARD","is_prod":false,"is_daily":false,"chose_seed":false,"campfire_upgraded":3,"win_rate":0,"timestamp":1626746160,"path_taken":["M","M","M","?","?","E","M","R","T","R","E","$","M","?","R","BOSS","M","M","M","M","$","E","M","R","T","?","M","E","M","M","R","BOSS"],"build_version":"2020-12-22","purchased_purges":2,"victory":false,"max_hp_per_floor":[70,70,70,65,65,65,65,65,65,65,70,70,70,70,70,70,70,70,70,70,70,77,77,77,77,77,77,77,77,77,77,77,77],"card_choices":[{"not_picked":["Sucker Punch","Bane"],"picked":"Skewer","floor":1.0},{"not_picked":["Acrobatics","Cloak And Dagger"],"picked":"Heel Hook","floor":2.0},{"not_picked":["Flying Knee","Dodge and Roll"],"picked":"Poisoned Stab","floor":3.0},{"not_picked":["Flechettes","Poisoned Stab"],"picked":"Footwork","floor":6.0},{"not_picked":["Backflip","Quick Slash"],"picked":"Dagger Spray","floor":7.0},{"not_picked":["Storm of Steel","Poisoned Stab"],"picked":"Footwork","floor":11.0},{"not_picked":["Flechettes","Backflip","Distraction"],"picked":"SKIP","floor":13.0},{"not_picked":["Underhanded Strike","Quick Slash"],"picked":"PiercingWail","floor":14.0},{"not_picked":["Envenom","Storm of Steel"],"picked":"Wraith Form v2","floor":16.0},{"not_picked":["Quick Slash","Setup","Poisoned Stab"],"picked":"SKIP","floor":18},{"not_picked":["All Out Attack","PiercingWail"],"picked":"Calculated Gamble+1","floor":19},{"not_picked":["Finisher","Deadly Poison+1"],"picked":"Well Laid Plans","floor":20},{"not_picked":["Deadly Poison+1","Skewer"],"picked":"Dodge and Roll+1","floor":21},{"not_picked":["Endless Agony","Eviscerate","Dagger Spray"],"picked":"SKIP","floor":23},{"not_picked":["Flechettes","Dagger Spray","Finisher"],"picked":"SKIP","floor":24},{"not_picked":["Infinite Blades+1","Masterful Stab"],"picked":"Cloak And Dagger+1","floor":28},{"not_picked":["Bane","Dash+1","Prepared"],"picked":"SKIP","floor":29},{"not_picked":["Sucker Punch","Outmaneuver"],"picked":"Blade Dance","floor":30},{"not_picked":["Backstab","Poisoned Stab"],"picked":"Blur","floor":31}],"player_experience":494975,"relics_obtained":[{"floor":6.0,"key":"Toy Ornithopter"},{"floor":9.0,"key":"Pen Nib"},{"floor":11.0,"key":"Bag of Preparation"},{"floor":14.0,"key":"Odd Mushroom"},{"floor":23,"key":"Shuriken"},{"floor":26,"key":"Ancient Tea Set"},{"floor":29,"key":"Incense Burner"}],"event_choices":[{"damage_healed":0.0,"max_hp_gain":0.0,"max_hp_loss":5.0,"gold_gain":0.0,"event_name":"Golden Idol","player_choice":"Lose Max HP","floor":4.0,"gold_loss":0.0,"damage_taken":0.0,"relics_obtained":["Golden Idol"]},{"damage_healed":0.0,"max_hp_gain":0.0,"max_hp_loss":0.0,"gold_gain":0.0,"event_name":"Shining Light","player_choice":"Entered Light","floor":5.0,"gold_loss":0.0,"damage_taken":13.0,"cards_upgraded":["Strike_G","Defend_G"]},{"damage_healed":0.0,"max_hp_gain":0.0,"max_hp_loss":0.0,"gold_gain":0.0,"event_name":"Mushrooms","player_choice":"Fought Mushrooms","floor":14.0,"gold_loss":0.0,"damage_taken":0.0},{"damage_healed":0,"gold_gain":0,"player_choice":"Traded Relic","damage_taken":0,"relics_obtained":["Nloth\u0027s Gift"],"max_hp_gain":0,"max_hp_loss":0,"event_name":"N\u0027loth","floor":27,"relics_lost":["Golden Idol"],"gold_loss":0}],"is_beta":false,"boss_relics":[{"not_picked":["Cursed Key","Astrolabe"],"picked":"WristBlade"}],"items_purged_floors":[12,22],"is_endless":false,"potions_floor_spawned":[6,7,11,16,21,23,29,31],"killed_by":"Champ","ascension_level":5}