{"gold_per_floor":[117,136,136,154,168,195,195,250,250,277,352,352,366,106,106,210,210,221,97,97,114,14,14,28,48,48,76,5,39,39,39,39,139,139,156,3,3,103,113,139,139,165,165,165,175,190,190,217,217,217,217,217,37,66,66],"floor_reached":55,"playtime":2885,"items_purged":["Strike_G","Strike_G"],"score":1383,"play_id":"7a3dce0f-11ce-4019-a9ad-dc34a60f3e4d","local_time":"20210905094632","is_ascension_mode":true,"campfire_choices":[{"data":"All Out Attack","floor":7,"key":"SMITH"},{"data":"Noxious Fumes","floor":15,"key":"SMITH"},{"data":"Accuracy","floor":23,"key":"SMITH"},{"data":"Accuracy","floor":30,"key":"SMITH"},{"data":"Venomology","floor":32,"key":"SMITH"},{"data":"Apotheosis","floor":41,"key":"SMITH"},{"data":"Well Laid Plans","floor":44,"key":"SMITH"},{"data":"Malaise","floor":47,"key":"SMITH"},{"floor":49,"key":"RECALL"},{"data":"Accuracy","floor":52,"key":"SMITH"}],"neow_cost":"NONE","seed_source_timestamp":235758059902100,"circlet_count":0,"master_deck":["AscendersBane","Strike_G+1","Defend_G","Defend_G+1","Defend_G","Defend_G","Defend_G","Survivor","Neutralize+1","Predator","Leg Sweep","Dagger Spray","All Out Attack+1","Blade Dance","Noxious Fumes+1","Wraith Form v2+1","Blade Dance","Blade Dance","Accuracy+1","Cloak And Dagger","Backflip","Accuracy+1","Accuracy+1","Venomology+1","Well Laid Plans+1","Malaise+1","PiercingWail+1","Apotheosis+1","Cloak And Dagger+1","Acrobatics+1","Blur+1","Blade Dance","Dash+1"],"relics":["Ring of the Snake","Happy Flower","HornCleat","Blue Candle","Toy Ornithopter","Runic Dome","PreservedInsect","Mummified Hand","Omamori","Empty Cage","Toolbox","Orichalcum","Bag of Marbles","Oddly Smooth Stone","Bag of Preparation","Nunchaku"],"potions_floor_usage":[6,21,33,35,39,40,42,45,46,46,48,50,54,54,55,55,55],"damage_taken":[{"damage":3,"enemies":"Small Slimes","floor":1,"turns":5},{"damage":1,"enemies":"2 Louse","floor":2,"turns":3},{"damage":0,"enemies":"Cultist","floor":4,"turns":3},{"damage":2,"enemies":"Exordium Wildlife","floor":5,"turns":6},{"damage":15,"enemies":"Lagavulin","floor":6,"turns":8},{"damage":0,"enemies":"Gremlin Nob","floor":10,"turns":4},{"damage":2,"enemies":"Red Slaver","floor":13,"turns":4},{"damage":22,"enemies":"Hexaghost","floor":16,"turns":11},{"damage":0,"enemies":"3 Byrds","floor":18,"turns":3},{"damage":2,"enemies":"Shell Parasite","floor":21,"turns":4},{"damage":5,"enemies":"Snecko","floor":24,"turns":4},{"damage":8,"enemies":"Chosen and Byrds","floor":25,"turns":5},{"damage":0,"enemies":"Gremlin Leader","floor":27,"turns":4},{"damage":0,"enemies":"Book of Stabbing","floor":29,"turns":4},{"damage":17,"enemies":"Collector","floor":33,"turns":7},{"damage":6,"enemies":"3 Shapes","floor":35,"turns":6},{"damage":0,"enemies":"Orb Walker","floor":39,"turns":3},{"damage":0,"enemies":"Reptomancer","floor":40,"turns":3},{"damage":16,"enemies":"Nemesis","floor":42,"turns":7},{"damage":0,"enemies":"Jaw Worm Horde","floor":45,"turns":4},{"damage":3,"enemies":"4 Shapes","floor":46,"turns":2},{"damage":0,"enemies":"Reptomancer","floor":48,"turns":4},{"damage":11,"enemies":"Donu and Deca","floor":50,"turns":7},{"damage":19,"enemies":"Shield and Spear","floor":54,"turns":5},{"damage":66,"enemies":"The Heart","floor":55,"turns":5}],"seed_played":"-8642465357858260473","potions_obtained":[{"floor":1,"key":"DistilledChaos"},{"floor":4,"key":"Fire Potion"},{"floor":6,"key":"ColorlessPotion"},{"floor":13,"key":"LiquidMemories"},{"floor":25,"key":"AttackPotion"},{"floor":54,"key":"LiquidBronze"}],"is_trial":false,"path_per_floor":["M","M","?","M","M","E","R","?","T","E","?","?","M","$","R","B",null,"M","$","?","M","$","R","M","M","T","E","$","E","R","?","R","B",null,"M","$","?","?","M","E","R","E","T","R","M","M","R","E","R","B",null,"R","$","E","B"],"character_chosen":"THE_SILENT","items_purchased":["Noxious Fumes","Toy Ornithopter","Blade Dance","Accuracy","Accuracy","Toolbox","Bag of Preparation","Blade Dance"],"campfire_rested":0,"item_purchase_floors":[14,14,19,19,28,36,53,53],"current_hp_per_floor":[60,59,45,45,43,28,28,28,28,28,17,70,68,68,68,46,64,64,64,64,67,67,67,62,54,54,54,54,54,54,54,54,42,63,62,62,52,52,57,62,62,51,51,51,56,63,63,68,68,62,68,68,68,51,0],"gold":66,"neow_bonus":"UPGRADE_CARD","is_prod":false,"is_daily":false,"chose_seed":false,"campfire_upgraded":9,"win_rate":0,"timestamp":1630849592,"path_taken":["M","M","?","M","M","E","R","?","T","E","?","?","M","$","R","BOSS","M","?","?","M","$","R","M","?","T","E","$","E","R","?","R","BOSS","M","$","?","?","M","E","R","E","T","R","M","?","R","E","R","BOSS","R","$","E","BOSS"],"build_version":"2020-12-22","purchased_purges":2,"victory":false,"max_hp_per_floor":[70,70,70,70,70,70,70,70,70,70,70,70,70,70,70,70,70,70,70,70,70,70,70,70,70,70,70,70,70,70,70,70,70,70,70,70,70,70,70,70,70,70,70,70,70,70,70,70,70,70,70,70,70,70,70],"card_choices":[{"not_picked":["Reflex","Cloak And Dagger","Escape Plan"],"picked":"SKIP","floor":1},{"not_picked":["Noxious Fumes","Riddle With Holes"],"picked":"Predator","floor":2},{"not_picked":["Blur","Bane"],"picked":"Leg Sweep","floor":4},{"not_picked":["Flying Knee","Concentrate"],"picked":"Dagger Spray","floor":5},{"not_picked":["Bane","Poisoned Stab"],"picked":"All Out Attack","floor":6},{"not_picked":["Tools of the Trade","Sucker Punch"],"picked":"Caltrops","floor":10},{"not_picked":["Deflect","Catalyst"],"picked":"Blade Dance","floor":13},{"not_picked":["Venomology","Adrenaline"],"picked":"Wraith Form v2","floor":16},{"not_picked":["Slice","Deflect"],"picked":"Blade Dance","floor":18},{"not_picked":["Bane","Dagger Spray"],"picked":"Cloak And Dagger","floor":21},{"not_picked":["Finisher","Masterful Stab","Quick Slash"],"picked":"SKIP","floor":24},{"not_picked":["Sucker Punch","Poisoned Stab"],"picked":"Backflip","floor":25},{"not_picked":["Choke","Catalyst+1"],"picked":"Accuracy","floor":27},{"not_picked":["Outmaneuver","Terror"],"picked":"Venomology","floor":29},{"not_picked":["Grand Finale","Die Die Die"],"picked":"Malaise","floor":33},{"not_picked":["Deflect+1","Tactician+1"],"picked":"PiercingWail+1","floor":35},{"not_picked":["Jack Of All Trades","Sadistic Nature"],"picked":"Apotheosis","floor":37},{"not_picked":["Sucker Punch","PiercingWail","Choke+1"],"picked":"SKIP","floor":39},{"not_picked":["Infinite Blades","Underhanded Strike+1"],"picked":"Cloak And Dagger+1","floor":40},{"not_picked":["Dagger Spray+1","Bane"],"picked":"Acrobatics+1","floor":42},{"not_picked":["Unload","Well Laid Plans+1","Underhanded Strike"],"picked":"SKIP","floor":45},{"not_picked":["Expertise","Crippling Poison+1"],"picked":"Blur+1","floor":46},{"not_picked":["Quick Slash","Sucker Punch","Outmaneuver"],"picked":"SKIP","floor":48},{"not_picked":["Endless Agony+1","Masterful Stab"],"picked":"Dash+1","floor":54}],"player_experience":813727,"relics_obtained":[{"floor":6,"key":"Happy Flower"},{"floor":9,"key":"HornCleat"},{"floor":10,"key":"Blue Candle"},{"floor":26,"key":"PreservedInsect"},{"floor":27,"key":"Mummified Hand"},{"floor":29,"key":"Omamori"},{"floor":40,"key":"Orichalcum"},{"floor":42,"key":"Bag of Marbles"},{"floor":48,"key":"Oddly Smooth Stone"},{"floor":54,"key":"Nunchaku"}],"event_choices":[{"damage_healed":0,"gold_gain":0,"player_choice":"Entered Light","damage_taken":14,"max_hp_gain":0,"max_hp_loss":0,"event_name":"Shining Light","floor":3,"gold_loss":0,"cards_upgraded":["Strike_G","Defend_G"]},{"damage_healed":0,"gold_gain":55,"player_choice":"Gained Gold","damage_taken":0,"max_hp_gain":0,"max_hp_loss":0,"event_name":"Golden Wing","floor":8,"gold_loss":0},{"damage_healed":0,"gold_gain":75,"player_choice":"Gather Gold","damage_taken":11,"max_hp_gain":0,"max_hp_loss":0,"event_name":"World of Goop","floor":11,"gold_loss":0},{"cards_removed":["Caltrops"],"damage_healed":53,"gold_gain":0,"player_choice":"Offered Uncommon","damage_taken":0,"max_hp_gain":0,"max_hp_loss":0,"event_name":"Bonfire Elementals","floor":12,"gold_loss":0},{"damage_healed":0,"gold_gain":0,"player_choice":"Forge","damage_taken":0,"max_hp_gain":0,"max_hp_loss":0,"event_name":"Accursed Blacksmith","floor":20,"gold_loss":0,"cards_upgraded":["Wraith Form v2"]},{"damage_healed":0,"gold_gain":0,"player_choice":"Read","damage_taken":0,"max_hp_gain":0,"max_hp_loss":0,"event_name":"The Library","floor":31,"gold_loss":0,"cards_obtained":["Well Laid Plans"]},{"damage_healed":0,"gold_gain":0,"player_choice":"Memory 3","damage_taken":10,"max_hp_gain":0,"max_hp_loss":0,"event_name":"SensoryStone","floor":37,"gold_loss":0},{"damage_healed":0,"gold_gain":100,"player_choice":"Pray","damage_taken":0,"max_hp_gain":0,"max_hp_loss":0,"event_name":"Golden Shrine","floor":38,"gold_loss":0}],"is_beta":false,"boss_relics":[{"not_picked":["Velvet Choker","Calling Bell"],"picked":"Runic Dome"},{"not_picked":["Tiny House","Snecko Eye"],"picked":"Empty Cage"}],"items_purged_floors":[14,22],"is_endless":false,"potions_floor_spawned":[1,4,6,13,16,18,25,27,33,39,45,54],"killed_by":"The Heart","ascension_level":11}