{"gold_per_floor":[119,131,148,9,28,28,44,79,149,175,186,213,213,227,227,331,331,342,42,55,55,65,65,65,93,93,93,105,139,139,168,168,168],"floor_reached":33,"playtime":2172,"items_purged":["Strike_G"],"score":523,"play_id":"027f0d99-d0a4-4161-9494-1bfb41aa839e","local_time":"20210907215447","is_ascension_mode":true,"campfire_choices":[{"data":"Glass Knife","floor":6,"key":"SMITH"},{"floor":13,"key":"REST"},{"data":"Night Terror","floor":15,"key":"SMITH"},{"data":"Wraith Form v2","floor":23,"key":"SMITH"},{"floor":30,"key":"REST"},{"floor":32,"key":"REST"}],"neow_cost":"NONE","seed_source_timestamp":452966098097200,"circlet_count":0,"master_deck":["AscendersBane","Strike_G+1","Strike_G+1","Defend_G+1","Defend_G+1","Defend_G+1","Defend_G+1","Defend_G+1","Survivor","Neutralize","Blade Dance","Quick Slash","Dagger Spray","Glass Knife+1","All Out Attack","Dash+1","Night Terror+1","Concentrate","Skewer","Dagger Throw","Wraith Form v2+1","Footwork","Accuracy","Blade Dance","Dagger Throw+1","Infinite Blades","Distraction","Predator+1","Injury","Dodge and Roll"],"relics":["Ring of the Snake","Nunchaku","Bottled Lightning","Tough Bandages","Toy Ornithopter","Cursed Key","OrangePellets","Whetstone","Ancient Tea Set","Centennial Puzzle","Blood Vial"],"potions_floor_usage":[8,12,12,16,25,28,29,31],"damage_taken":[{"damage":0,"enemies":"Cultist","floor":1,"turns":3},{"damage":3,"enemies":"Small Slimes","floor":2,"turns":4},{"damage":0,"enemies":"2 Louse","floor":3,"turns":2},{"damage":3,"enemies":"Looter","floor":5,"turns":3},{"damage":1,"enemies":"2 Fungi Beasts","floor":7,"turns":3},{"damage":18,"enemies":"Gremlin Nob","floor":8,"turns":3},{"damage":17,"enemies":"3 Sentries","floor":10,"turns":6},{"damage":0,"enemies":"Exordium Wildlife","floor":11,"turns":3},{"damage":21,"enemies":"Lagavulin","floor":12,"turns":5},{"damage":1,"enemies":"Red Slaver","floor":14,"turns":3},{"damage":20,"enemies":"Slime Boss","floor":16,"turns":8},{"damage":0,"enemies":"3 Byrds","floor":18,"turns":3},{"damage":1,"enemies":"Spheric Guardian","floor":20,"turns":4},{"damage":13,"enemies":"Shelled Parasite and Fungi","floor":22,"turns":5},{"damage":33,"enemies":"Slavers","floor":25,"turns":6},{"damage":10,"enemies":"Centurion and Healer","floor":28,"turns":4},{"damage":16,"enemies":"Book of Stabbing","floor":29,"turns":7},{"damage":22,"enemies":"Slavers","floor":31,"turns":5},{"damage":57,"enemies":"Collector","floor":33,"turns":8}],"seed_played":"5461180438957502104","potions_obtained":[{"floor":1,"key":"Explosive Potion"},{"floor":10,"key":"Swift Potion"},{"floor":11,"key":"Fruit Juice"},{"floor":14,"key":"DuplicationPotion"},{"floor":16,"key":"PowerPotion"},{"floor":25,"key":"Energy Potion"},{"floor":28,"key":"FearPotion"},{"floor":29,"key":"Strength Potion"}],"is_trial":false,"path_per_floor":["M","M","M","$","M","R","M","E","T","E","M","E","R","M","R","B",null,"M","$","M","?","M","R","?","E","T","?","M","E","R","E","R","B"],"character_chosen":"THE_SILENT","items_purchased":["Glass Knife","Accuracy","OrangePellets"],"campfire_rested":3,"item_purchase_floors":[4,19,19],"current_hp_per_floor":[63,60,60,60,57,57,56,38,38,21,21,5,27,26,26,11,59,59,59,58,58,45,45,45,17,17,17,12,1,23,6,28,0],"gold":168,"neow_bonus":"THREE_CARDS","is_prod":false,"is_daily":false,"chose_seed":false,"campfire_upgraded":3,"win_rate":0,"timestamp":1631066087,"path_taken":["M","?","M","?","M","R","M","E","T","E","M","E","R","?","R","BOSS","M","$","M","?","M","R","?","E","T","?","M","E","R","E","R","BOSS"],"build_version":"2020-12-22","purchased_purges":1,"victory":false,"max_hp_per_floor":[70,70,70,70,70,70,70,70,70,70,70,75,75,75,75,75,75,75,75,75,75,75,75,75,75,75,75,75,75,75,75,75,75],"card_choices":[{"not_picked":["Dagger Throw","Quick Slash"],"picked":"Blade Dance","floor":0},{"not_picked":["Catalyst","Deflect","Outmaneuver"],"picked":"SKIP","floor":1},{"not_picked":["Expertise","Acrobatics"],"picked":"Quick Slash","floor":2},{"not_picked":["Well Laid Plans","Sucker Punch"],"picked":"Dagger Spray","floor":3},{"not_picked":["Finisher","Prepared"],"picked":"All Out Attack","floor":5},{"not_picked":["Expertise","Escape Plan"],"picked":"Dash","floor":7},{"not_picked":["Dagger Throw","Predator"],"picked":"Night Terror","floor":8},{"not_picked":["Choke","Deflect"],"picked":"Concentrate","floor":10},{"not_picked":["Blur","Deadly Poison","Reflex"],"picked":"SKIP","floor":11},{"not_picked":["All Out Attack","Sucker Punch"],"picked":"Skewer","floor":12},{"not_picked":["Dodge and Roll","Deflect"],"picked":"Dagger Throw","floor":14},{"not_picked":["Envenom","Night Terror"],"picked":"Wraith Form v2","floor":16},{"not_picked":["Bane+1","Poisoned Stab+1"],"picked":"Footwork","floor":18},{"not_picked":["Deflect","Masterful Stab"],"picked":"Blade Dance","floor":20},{"not_picked":["Terror","Poisoned Stab"],"picked":"Dagger Throw","floor":22},{"not_picked":["Sucker Punch","Bane"],"picked":"Predator+1","floor":25},{"not_picked":["Expertise","Dagger Throw","Masterful Stab"],"picked":"SKIP","floor":28},{"not_picked":["Dash","Prepared"],"picked":"Dodge and Roll","floor":29},{"not_picked":["Poisoned Stab","Sucker Punch","Slice"],"picked":"SKIP","floor":31}],"player_experience":830125,"relics_obtained":[{"floor":8,"key":"Nunchaku"},{"floor":9,"key":"Bottled Lightning"},{"floor":10,"key":"Tough Bandages"},{"floor":12,"key":"Toy Ornithopter"},{"floor":25,"key":"Whetstone"},{"floor":26,"key":"Ancient Tea Set"},{"floor":29,"key":"Centennial Puzzle"},{"floor":31,"key":"Blood Vial"}],"event_choices":[{"damage_healed":0,"gold_gain":0,"player_choice":"Ignored","damage_taken":0,"max_hp_gain":0,"max_hp_loss":0,"event_name":"Vampires","floor":21,"gold_loss":0},{"damage_healed":0,"gold_gain":0,"cards_transformed":["Strike_G","Strike_G"],"player_choice":"Became Test Subject","damage_taken":0,"max_hp_gain":0,"max_hp_loss":0,"event_name":"Drug Dealer","floor":24,"gold_loss":0,"cards_obtained":["Infinite Blades","Distraction"]},{"damage_healed":0,"gold_gain":0,"player_choice":"Simplicity","damage_taken":0,"max_hp_gain":0,"max_hp_loss":0,"event_name":"Back to Basics","floor":27,"gold_loss":0,"cards_upgraded":["Strike_G","Strike_G","Defend_G","Defend_G","Defend_G","Defend_G","Defend_G"]}],"is_beta":false,"boss_relics":[{"not_picked":["Pandora\u0027s Box","Velvet Choker"],"picked":"Cursed Key"}],"items_purged_floors":[19],"is_endless":false,"potions_floor_spawned":[1,10,11,14,16,25,28,29],"killed_by":"Collector","ascension_level":12}