{"gold_per_floor":[159,14,30,30,42,42,71,88,161,194,204,215,215,228,228,305,305,324,324,338,185,200,233,249,279,279,279,291,291,41,72,72,147,147,157,173,173,185,202,202,202,221,248,248,264,292,309,329,329,329,329,329,47,79,79],"floor_reached":56,"playtime":3861,"items_purged":["Strike_G","Defend_G","Footwork"],"score":2149,"play_id":"6757bd25-decb-444f-8859-290e50b708ff","local_time":"20220304163605","is_ascension_mode":true,"campfire_choices":[{"data":"Caltrops","floor":6,"key":"SMITH"},{"data":"Strike_G","floor":13,"key":"PURGE"},{"data":"Neutralize","floor":15,"key":"SMITH"},{"data":"Strike_G","floor":27,"key":"PURGE"},{"data":"Defend_G","floor":29,"key":"PURGE"},{"data":"Heel Hook","floor":32,"key":"SMITH"},{"data":"Adrenaline","floor":41,"key":"SMITH"},{"floor":49,"key":"RECALL"},{"data":"Backflip","floor":52,"key":"SMITH"}],"neow_cost":"NONE","seed_source_timestamp":202311977135500,"circlet_count":0,"master_deck":["AscendersBane","Defend_G","Survivor","Neutralize+1","Venomology","Caltrops+1","Heel Hook+1","Dash","PiercingWail","Footwork","Heel Hook+1","Adrenaline+1","Caltrops","Backflip+1","Adrenaline+1"],"relics":["Ring of the Snake","Toy Ornithopter","Peace Pipe","Kunai","Bronze Scales","Busted Crown","Eternal Feather","Paper Crane","Bottled Flame","Medical Kit","Bottled Tornado","Empty Cage","Bottled Lightning","DollysMirror","Pear"],"potions_floor_usage":[1,7,7,10,10,11,14,16,18,20,23,24,25,25,28,31,33,38,39,40,45,48,48,50,54,54],"damage_taken":[{"damage":1,"enemies":"2 Louse","floor":1,"turns":3},{"damage":0,"enemies":"Cultist","floor":3,"turns":4},{"damage":0,"enemies":"Jaw Worm","floor":5,"turns":4},{"damage":17,"enemies":"Lagavulin","floor":7,"turns":13},{"damage":0,"enemies":"Exordium Thugs","floor":8,"turns":6},{"damage":12,"enemies":"Gremlin Nob","floor":10,"turns":5},{"damage":4,"enemies":"Lots of Slimes","floor":11,"turns":4},{"damage":3,"enemies":"Blue Slaver","floor":12,"turns":4},{"damage":20,"enemies":"Large Slime","floor":14,"turns":7},{"damage":14,"enemies":"The Guardian","floor":16,"turns":8},{"damage":15,"enemies":"2 Thieves","floor":18,"turns":5},{"damage":0,"enemies":"3 Byrds","floor":20,"turns":2},{"damage":6,"enemies":"Snecko","floor":22,"turns":6},{"damage":7,"enemies":"Book of Stabbing","floor":23,"turns":5},{"damage":6,"enemies":"Shelled Parasite and Fungi","floor":24,"turns":4},{"damage":15,"enemies":"Slavers","floor":25,"turns":4},{"damage":0,"enemies":"Centurion and Healer","floor":28,"turns":8},{"damage":0,"enemies":"Book of Stabbing","floor":31,"turns":3},{"damage":3,"enemies":"Collector","floor":33,"turns":6},{"damage":2,"enemies":"3 Shapes","floor":35,"turns":7},{"damage":0,"enemies":"Orb Walker","floor":36,"turns":4},{"damage":0,"enemies":"3 Darklings","floor":38,"turns":4},{"damage":3,"enemies":"Sphere and 2 Shapes","floor":39,"turns":5},{"damage":4,"enemies":"Reptomancer","floor":40,"turns":2},{"damage":2,"enemies":"4 Shapes","floor":42,"turns":7},{"damage":1,"enemies":"Jaw Worm Horde","floor":45,"turns":4},{"damage":0,"enemies":"Nemesis","floor":46,"turns":5},{"damage":7,"enemies":"3 Darklings","floor":47,"turns":3},{"damage":0,"enemies":"Transient","floor":48,"turns":3},{"damage":0,"enemies":"Awakened One","floor":50,"turns":5},{"damage":26,"enemies":"Shield and Spear","floor":54,"turns":4},{"damage":42,"enemies":"The Heart","floor":55,"turns":6}],"seed_played":"2269692728101817846","potions_obtained":[{"floor":8,"key":"DuplicationPotion"},{"floor":10,"key":"ColorlessPotion"},{"floor":20,"key":"LiquidBronze"},{"floor":23,"key":"Fruit Juice"},{"floor":25,"key":"Weak Potion"},{"floor":48,"key":"Dexterity Potion"}],"is_trial":false,"path_per_floor":["M","$","M","?","M","R","E","M","T","E","M","M","R","M","R","B",null,"M","?","M","$","M","E","M","E","T","R","M","R","$","E","R","B",null,"M","M","?","M","M","E","R","M","T","?","M","E","M","M","R","B",null,"R","$","E","B",null],"character_chosen":"THE_SILENT","items_purchased":["Toy Ornithopter","Caltrops","Medical Kit","DollysMirror"],"campfire_rested":0,"item_purchase_floors":[2,21,30,53],"current_hp_per_floor":[58,58,58,58,58,58,51,51,51,49,50,47,47,32,32,23,55,45,45,59,59,53,51,55,50,50,62,67,71,71,71,71,68,70,68,68,58,63,65,66,71,69,69,69,71,71,64,71,71,71,71,71,71,60,18],"gold":79,"neow_bonus":"TRANSFORM_CARD","is_prod":false,"is_daily":false,"chose_seed":false,"campfire_upgraded":5,"win_rate":0,"timestamp":1646429765,"path_taken":["M","$","M","?","M","R","E","M","T","E","M","?","R","M","R","BOSS","M","?","M","?","?","E","?","E","T","R","M","R","$","E","R","BOSS","M","M","?","M","M","E","R","M","T","?","M","E","M","M","R","BOSS","R","$","E","BOSS"],"build_version":"2022-02-27","purchased_purges":3,"victory":true,"max_hp_per_floor":[66,66,66,66,66,66,66,66,66,66,66,66,66,66,66,66,66,66,66,66,66,66,66,71,71,71,71,71,71,71,71,71,71,71,71,71,71,71,71,71,71,71,71,71,71,71,71,71,71,71,71,71,71,81,81],"card_choices":[{"not_picked":["Dodge and Roll","Sucker Punch"],"picked":"Caltrops","floor":1},{"not_picked":["Slice","Endless Agony"],"picked":"Footwork","floor":3},{"not_picked":["PiercingWail","Eviscerate","Accuracy"],"picked":"SKIP","floor":5},{"not_picked":["Deflect","Well Laid Plans"],"picked":"Heel Hook","floor":7},{"not_picked":["Prepared","Tactician"],"picked":"Dash","floor":8},{"not_picked":["Storm of Steel","Calculated Gamble"],"picked":"PiercingWail","floor":10},{"not_picked":["Dash","Dagger Throw"],"picked":"Footwork","floor":11},{"not_picked":["Outmaneuver","Skewer","Poisoned Stab"],"picked":"SKIP","floor":12},{"not_picked":["Poisoned Stab","Catalyst"],"picked":"Heel Hook","floor":14},{"not_picked":["Corpse Explosion","Die Die Die"],"picked":"Adrenaline","floor":16},{"not_picked":["Underhanded Strike"],"picked":"SKIP","floor":18},{"not_picked":["Underhanded Strike+1"],"picked":"SKIP","floor":20},{"not_picked":[],"picked":"Backflip","floor":22},{"not_picked":["Finisher"],"picked":"SKIP","floor":23},{"not_picked":["Slice"],"picked":"SKIP","floor":24},{"not_picked":["Prepared"],"picked":"SKIP","floor":25},{"not_picked":["Predator"],"picked":"SKIP","floor":28},{"not_picked":["Terror"],"picked":"SKIP","floor":31},{"not_picked":["Prepared"],"picked":"SKIP","floor":35},{"not_picked":["Flying Knee+1"],"picked":"SKIP","floor":36},{"not_picked":["Outmaneuver"],"picked":"SKIP","floor":38},{"not_picked":["Flying Knee+1"],"picked":"SKIP","floor":39},{"not_picked":["Skewer"],"picked":"SKIP","floor":42},{"not_picked":["All Out Attack"],"picked":"SKIP","floor":45},{"not_picked":["Grand Finale"],"picked":"SKIP","floor":46},{"not_picked":["Blur+1"],"picked":"SKIP","floor":47},{"not_picked":["Dodge and Roll"],"picked":"SKIP","floor":48},{"not_picked":["Backflip"],"picked":"SKIP","floor":54}],"player_experience":1005477,"relics_obtained":[{"floor":7,"key":"Peace Pipe"},{"floor":9,"key":"Kunai"},{"floor":10,"key":"Bronze Scales"},{"floor":23,"key":"Eternal Feather"},{"floor":25,"key":"Paper Crane"},{"floor":26,"key":"Bottled Flame"},{"floor":31,"key":"Bottled Tornado"},{"floor":46,"key":"Bottled Lightning"},{"floor":54,"key":"Pear"}],"event_choices":[{"damage_healed":0,"gold_gain":0,"cards_transformed":["Strike_G"],"player_choice":"Transformed","damage_taken":0,"max_hp_gain":0,"max_hp_loss":0,"event_name":"Transmorgrifier","floor":4,"gold_loss":0,"cards_obtained":["Backstab"]},{"cards_removed":["Strike_G"],"damage_healed":0,"gold_gain":0,"player_choice":"Purged","damage_taken":0,"max_hp_gain":0,"max_hp_loss":0,"event_name":"Purifier","floor":19,"gold_loss":0},{"damage_healed":0,"gold_gain":0,"player_choice":"Memory 3","damage_taken":10,"max_hp_gain":0,"max_hp_loss":0,"event_name":"SensoryStone","floor":37,"gold_loss":0},{"damage_healed":0,"gold_gain":0,"player_choice":"Upgraded","damage_taken":0,"max_hp_gain":0,"max_hp_loss":0,"event_name":"Upgrade Shrine","floor":44,"gold_loss":0,"cards_upgraded":["Heel Hook"]}],"is_beta":false,"boss_relics":[{"not_picked":["Philosopher\u0027s Stone","Calling Bell"],"picked":"Busted Crown"},{"not_picked":["Fusion Hammer","SacredBark"],"picked":"Empty Cage"}],"items_purged_floors":[21,30,53],"is_endless":false,"potions_floor_spawned":[5,8,10,11,14,16,20,23,25,31,36,40,47,48],"ascension_level":15}