{"gold_per_floor":[214,86,86,86,102,137,137,162,162,193,193],"floor_reached":11,"playtime":404,"items_purged":["Defend_G"],"score":192,"play_id":"cab1f866-22c5-410a-9368-dcfbd59cc5de","local_time":"20220614154608","is_ascension_mode":true,"campfire_choices":[{"floor":7,"key":"REST"}],"neow_cost":"NONE","seed_source_timestamp":652058156660600,"circlet_count":0,"master_deck":["AscendersBane","Strike_G","Strike_G","Strike_G","Strike_G","Defend_G+1","Defend_G","Defend_G+1","Defend_G","Survivor","Neutralize","Deadly Poison","Bane","Dash","Quick Slash","Blade Dance"],"relics":["Ring of the Snake","CaptainsWheel","Odd Mushroom","Eternal Feather","Kunai"],"potions_floor_usage":[6,8,10],"damage_taken":[{"damage":0,"enemies":"2 Louse","floor":1,"turns":4},{"damage":1,"enemies":"Small Slimes","floor":5,"turns":3},{"damage":30,"enemies":"Lagavulin","floor":6,"turns":7},{"damage":15,"enemies":"The Mushroom Lair","floor":8,"turns":5},{"damage":0,"enemies":"Gremlin Nob","floor":10,"turns":4},{"damage":7,"enemies":"Jaw Worm","floor":11,"turns":1}],"seed_played":"643578994272532663","potions_obtained":[{"floor":5,"key":"Poison Potion"},{"floor":6,"key":"SteroidPotion"},{"floor":10,"key":"Explosive Potion"}],"is_trial":false,"path_per_floor":["M","$","?","?","M","E","R","?","T","E","M"],"character_chosen":"THE_SILENT","items_purchased":["Strength Potion"],"campfire_rested":1,"item_purchase_floors":[2],"current_hp_per_floor":[59,59,52,32,31,1,20,5,5,5,0],"gold":193,"neow_bonus":"HUNDRED_GOLD","is_prod":false,"is_daily":false,"chose_seed":false,"campfire_upgraded":0,"win_rate":0,"timestamp":1655235968,"path_taken":["M","$","?","?","M","E","R","?","T","E","M"],"build_version":"2022-03-07","purchased_purges":1,"victory":false,"max_hp_per_floor":[66,66,66,66,66,66,66,66,66,66,66],"card_choices":[{"not_picked":["Setup","Outmaneuver"],"picked":"Deadly Poison","floor":1},{"not_picked":["Flechettes","Backflip"],"picked":"Bane","floor":5},{"not_picked":["Dagger Throw","Setup"],"picked":"Dash","floor":6},{"not_picked":["Outmaneuver","Sucker Punch"],"picked":"Quick Slash","floor":8},{"not_picked":["Backflip","Sucker Punch"],"picked":"Blade Dance","floor":10}],"player_experience":1030201,"relics_obtained":[{"floor":6,"key":"CaptainsWheel"},{"floor":8,"key":"Odd Mushroom"},{"floor":9,"key":"Eternal Feather"},{"floor":10,"key":"Kunai"}],"event_choices":[{"cards_removed":["Strike_G"],"damage_healed":0,"gold_gain":0,"player_choice":"Card Removal","damage_taken":7,"max_hp_gain":0,"max_hp_loss":0,"event_name":"Golden Wing","floor":3,"gold_loss":0},{"damage_healed":0,"gold_gain":0,"player_choice":"Entered Light","damage_taken":20,"max_hp_gain":0,"max_hp_loss":0,"event_name":"Shining Light","floor":4,"gold_loss":0,"cards_upgraded":["Defend_G","Defend_G"]},{"damage_healed":0,"gold_gain":0,"player_choice":"Fought Mushrooms","damage_taken":0,"max_hp_gain":0,"max_hp_loss":0,"event_name":"Mushrooms","floor":8,"gold_loss":0}],"is_beta":false,"boss_relics":[],"items_purged_floors":[2],"is_endless":false,"potions_floor_spawned":[5,6,10],"killed_by":"Jaw Worm","ascension_level":17}