{"gold_per_floor":[17,17,36,51,51,86,104,104,129,172,172,185,185,206,206,297,297,322,322,342,356,381,381,381],"floor_reached":24,"playtime":1059,"items_purged":[],"score":410,"play_id":"2a36f092-bf99-4725-9636-ba5da067c1d6","local_time":"20220617001154","is_ascension_mode":true,"campfire_choices":[{"floor":8,"key":"REST"},{"floor":13,"key":"REST"},{"data":"Venomology","floor":15,"key":"SMITH"},{"floor":23,"key":"REST"}],"neow_cost":"NO_GOLD","seed_source_timestamp":854550236223600,"circlet_count":0,"master_deck":["AscendersBane","Strike_G","Strike_G","Strike_G","Strike_G","Strike_G","Defend_G","Defend_G","Defend_G","Defend_G","Defend_G","Survivor","Neutralize","Sucker Punch","Poisoned Stab","PiercingWail","Venomology+1","Catalyst","Escape Plan","Dodge and Roll","Corpse Explosion","Blade Dance","Acrobatics","Blade Dance","Glass Knife+1"],"relics":["Ring of the Snake","Pocketwatch","Golden Idol","Centennial Puzzle","Bronze Scales","Anchor","Molten Egg 2","Runic Dome"],"potions_floor_usage":[10,12,16,20,21,22,24,24],"damage_taken":[{"damage":5,"enemies":"Jaw Worm","floor":1,"turns":7},{"damage":0,"enemies":"2 Louse","floor":3,"turns":4},{"damage":0,"enemies":"Cultist","floor":4,"turns":3},{"damage":49,"enemies":"Lagavulin","floor":6,"turns":11},{"damage":0,"enemies":"Looter","floor":7,"turns":4},{"damage":40,"enemies":"Gremlin Nob","floor":10,"turns":5},{"damage":0,"enemies":"3 Louse","floor":12,"turns":4},{"damage":1,"enemies":"Blue Slaver","floor":14,"turns":4},{"damage":38,"enemies":"The Guardian","floor":16,"turns":13},{"damage":0,"enemies":"3 Byrds","floor":18,"turns":1},{"damage":10,"enemies":"2 Thieves","floor":20,"turns":3},{"damage":8,"enemies":"Snecko","floor":21,"turns":7},{"damage":9,"enemies":"Snake Plant","floor":22,"turns":4},{"damage":37,"enemies":"Book of Stabbing","floor":24,"turns":5}],"seed_played":"6926914435799181079","potions_obtained":[{"floor":6,"key":"GamblersBrew"},{"floor":7,"key":"Regen Potion"},{"floor":18,"key":"GhostInAJar"},{"floor":21,"key":"SkillPotion"}],"is_trial":false,"path_per_floor":["M","?","M","M","?","E","M","R","T","E","T","M","R","M","R","B",null,"M","?","M","M","M","R","E"],"character_chosen":"THE_SILENT","items_purchased":[],"campfire_rested":3,"item_purchase_floors":[],"current_hp_per_floor":[54,54,54,54,59,10,10,29,29,3,3,3,22,21,21,2,49,49,43,33,25,16,35,0],"gold":381,"neow_bonus":"ONE_RARE_RELIC","is_prod":false,"is_daily":false,"chose_seed":false,"campfire_upgraded":1,"win_rate":0,"timestamp":1655439114,"path_taken":["M","?","M","M","?","E","M","R","T","E","?","M","R","M","R","BOSS","M","?","M","?","M","R","E"],"build_version":"2022-03-07","purchased_purges":0,"victory":false,"max_hp_per_floor":[66,60,60,60,65,65,65,65,65,65,65,65,65,65,65,65,65,65,65,65,65,65,65,65],"card_choices":[{"not_picked":["PiercingWail","Acrobatics"],"picked":"Sucker Punch","floor":1},{"not_picked":["Backflip","Accuracy"],"picked":"Poisoned Stab","floor":3},{"not_picked":["Flechettes","Dagger Spray"],"picked":"PiercingWail","floor":4},{"not_picked":["Setup","Underhanded Strike"],"picked":"Venomology","floor":6},{"not_picked":["Underhanded Strike","Outmaneuver","Distraction"],"picked":"SKIP","floor":7},{"not_picked":["Dagger Spray","Cloak And Dagger"],"picked":"Catalyst","floor":10},{"not_picked":["Concentrate","Tactician"],"picked":"Escape Plan","floor":12},{"not_picked":["Riddle With Holes+1","Deflect"],"picked":"Dodge and Roll","floor":14},{"not_picked":["Doppelganger","Tools of the Trade"],"picked":"Corpse Explosion","floor":16},{"not_picked":["Leg Sweep","Dodge and Roll"],"picked":"Blade Dance","floor":18},{"not_picked":["Outmaneuver","Flying Knee+1"],"picked":"Acrobatics","floor":20},{"not_picked":["Heel Hook+1","PiercingWail"],"picked":"Blade Dance","floor":21},{"not_picked":["Terror","Dodge and Roll"],"picked":"Glass Knife+1","floor":22}],"player_experience":1040332,"relics_obtained":[{"floor":6,"key":"Centennial Puzzle"},{"floor":9,"key":"Bronze Scales"},{"floor":10,"key":"Anchor"},{"floor":11,"key":"Molten Egg 2"}],"event_choices":[{"damage_healed":0,"gold_gain":0,"player_choice":"Lose Max HP","damage_taken":0,"relics_obtained":["Golden Idol"],"max_hp_gain":0,"max_hp_loss":6,"event_name":"Golden Idol","floor":2,"gold_loss":0},{"damage_healed":0,"gold_gain":0,"player_choice":"Donut","damage_taken":0,"max_hp_gain":5,"max_hp_loss":0,"event_name":"Big Fish","floor":5,"gold_loss":0},{"damage_healed":0,"gold_gain":0,"player_choice":"","damage_taken":6,"max_hp_gain":0,"max_hp_loss":0,"event_name":"Knowing Skull","floor":19,"potions_obtained":[],"gold_loss":0,"cards_obtained":[]}],"is_beta":false,"boss_relics":[{"not_picked":["Snecko Eye","SacredBark"],"picked":"Runic Dome"}],"items_purged_floors":[],"is_endless":false,"potions_floor_spawned":[6,7,10,18,21],"killed_by":"Book of Stabbing","ascension_level":19}