{"gold_per_floor":[113,113,113,113,129,129,154,174,174,174,214,228,72,122,122,220,220,238,238,262,342,342,342,267,287,340,47,47,88,88],"floor_reached":30,"playtime":999,"items_purged":["Strike_G","Defend_G"],"score":492,"play_id":"96fd3aaa-e5f5-4c25-ae1f-80f98fef7089","local_time":"20220623031057","is_ascension_mode":true,"campfire_choices":[{"data":"Eviscerate","floor":6,"key":"SMITH"},{"data":"The Bomb","floor":10,"key":"SMITH"},{"data":"Acrobatics","floor":15,"key":"SMITH"},{"floor":23,"key":"REST"},{"floor":28,"key":"REST"}],"neow_cost":"TEN_PERCENT_HP_LOSS","seed_source_timestamp":519400555638400,"circlet_count":0,"master_deck":["AscendersBane","Strike_G","Strike_G","Strike_G+1","Strike_G","Survivor","Neutralize+1","The Bomb+1","Eviscerate+1","Acrobatics+1","Underhanded Strike","Predator","Wraith Form v2","Reflex+1","Dagger Throw","Reflex","Underhanded Strike","Backflip"],"relics":["Ring of the Snake","Golden Idol","Snake Skull","Sundial","Black Star","PreservedInsect","Medical Kit","Molten Egg 2","Potion Belt"],"potions_floor_usage":[11,16,18,18],"damage_taken":[{"damage":0,"enemies":"2 Louse","floor":1,"turns":5},{"damage":6,"enemies":"Small Slimes","floor":5,"turns":4},{"damage":0,"enemies":"Cultist","floor":7,"turns":3},{"damage":6,"enemies":"Red Slaver","floor":8,"turns":3},{"damage":23,"enemies":"Gremlin Nob","floor":11,"turns":4},{"damage":0,"enemies":"2 Fungi Beasts","floor":12,"turns":2},{"damage":18,"enemies":"Hexaghost","floor":16,"turns":8},{"damage":25,"enemies":"Shell Parasite","floor":18,"turns":4},{"damage":3,"enemies":"Chosen","floor":20,"turns":5},{"damage":19,"enemies":"3 Cultists","floor":25,"turns":6},{"damage":19,"enemies":"Gremlin Leader","floor":29,"turns":4},{"damage":9,"enemies":"Snake Plant","floor":30,"turns":2}],"seed_played":"3437985116015341646","potions_obtained":[{"floor":1,"key":"Explosive Potion"},{"floor":11,"key":"Swift Potion"},{"floor":16,"key":"CunningPotion"},{"floor":29,"key":"Explosive Potion"}],"is_trial":false,"path_per_floor":["M","?","?","?","M","R","M","M","T","R","E","M","$","?","R","B",null,"M","?","M","T","?","R","?","M","T","$","R","E","M"],"character_chosen":"THE_SILENT","items_purchased":["Regen Potion","Backflip","Medical Kit"],"campfire_rested":2,"item_purchase_floors":[13,27,27],"current_hp_per_floor":[59,41,41,41,35,35,35,29,29,29,6,6,6,6,6,3,41,16,16,13,13,13,29,29,10,10,10,26,7,0],"gold":88,"neow_bonus":"RANDOM_COLORLESS_2","is_prod":false,"is_daily":false,"chose_seed":false,"campfire_upgraded":3,"win_rate":0,"timestamp":1655968257,"path_taken":["M","?","?","?","M","R","M","M","T","R","E","?","?","?","R","BOSS","M","?","M","?","?","R","?","?","T","?","R","E","M"],"build_version":"2022-03-07","purchased_purges":2,"victory":false,"max_hp_per_floor":[60,60,54,54,54,54,54,54,54,54,54,54,54,54,54,54,54,54,54,54,54,54,54,54,54,54,54,54,54,54],"relic_stats":{"counters":[12,50],"Golden Idol":64,"Sundial":[6],"Snake Skull":[0],"PreservedInsect":48,"Black Star":1,"Medical Kit":[0],"obtain_stats":[{"Potion Belt":29,"Golden Idol":3,"Sundial":11,"Molten Egg 2":29,"Snake Skull":9,"PreservedInsect":26,"Black Star":17,"Medical Kit":27,"Ring of the Snake":0},{"Potion Belt":11,"Golden Idol":1,"Sundial":5,"Molten Egg 2":11,"Snake Skull":4,"PreservedInsect":10,"Black Star":7,"Medical Kit":10,"Ring of the Snake":0},{"Potion Belt":48,"Golden Idol":5,"Sundial":19,"Molten Egg 2":48,"Snake Skull":15,"PreservedInsect":44,"Black Star":29,"Medical Kit":44,"Ring of the Snake":0}],"Ring of the Snake":[24]},"card_choices":[{"not_picked":["Thinking Ahead","Mayhem"],"picked":"The Bomb","floor":0},{"not_picked":["Dagger Spray","Slice"],"picked":"Eviscerate","floor":1},{"not_picked":["Sucker Punch","Outmaneuver","Dagger Spray"],"picked":"SKIP","floor":5},{"not_picked":["Dodge and Roll","Outmaneuver"],"picked":"Acrobatics","floor":7},{"not_picked":["Poisoned Stab","Backstab"],"picked":"Underhanded Strike","floor":8},{"not_picked":["Bullet Time","Dodge and Roll"],"picked":"Predator","floor":11},{"not_picked":["Catalyst","Dodge and Roll","Eviscerate"],"picked":"SKIP","floor":12},{"not_picked":["Doppelganger","Night Terror"],"picked":"Wraith Form v2","floor":16},{"not_picked":["PiercingWail","Blade Dance"],"picked":"Reflex+1","floor":18},{"not_picked":["Masterful Stab","Deflect"],"picked":"Dagger Throw","floor":20},{"not_picked":["Terror","Quick Slash","Sucker Punch"],"picked":"SKIP","floor":25},{"not_picked":["Dodge and Roll","Deadly Poison","Outmaneuver"],"picked":"SKIP","floor":29}],"player_experience":1054762,"relics_obtained":[{"floor":9,"key":"Snake Skull"},{"floor":11,"key":"Sundial"},{"floor":26,"key":"PreservedInsect"},{"floor":29,"key":"Molten Egg 2"},{"floor":29,"key":"Potion Belt"}],"event_choices":[{"damage_healed":0,"gold_gain":0,"player_choice":"Entered Light","damage_taken":18,"max_hp_gain":0,"max_hp_loss":0,"event_name":"Shining Light","floor":2,"gold_loss":0,"cards_upgraded":["Strike_G","Neutralize"]},{"damage_healed":0,"gold_gain":0,"player_choice":"Lose Max HP","damage_taken":0,"relics_obtained":["Golden Idol"],"max_hp_gain":0,"max_hp_loss":6,"event_name":"Golden Idol","floor":3,"gold_loss":0},{"cards_removed":["Defend_G"],"damage_healed":0,"gold_gain":0,"player_choice":"Purged","damage_taken":0,"max_hp_gain":0,"max_hp_loss":0,"event_name":"Purifier","floor":4,"gold_loss":0},{"damage_healed":0,"gold_gain":50,"player_choice":"Pray","damage_taken":0,"max_hp_gain":0,"max_hp_loss":0,"event_name":"Golden Shrine","floor":14,"gold_loss":0},{"damage_healed":0,"gold_gain":0,"player_choice":"Ignored","damage_taken":0,"max_hp_gain":0,"max_hp_loss":0,"event_name":"Vampires","floor":19,"gold_loss":0},{"damage_healed":0,"gold_gain":0,"cards_transformed":["Defend_G","Defend_G"],"player_choice":"Became Test Subject","damage_taken":0,"max_hp_gain":0,"max_hp_loss":0,"event_name":"Drug Dealer","floor":22,"gold_loss":0,"cards_obtained":["Reflex","Underhanded Strike"]},{"cards_removed":["Defend_G"],"damage_healed":0,"gold_gain":0,"player_choice":"Gave Gold","damage_taken":0,"max_hp_gain":0,"max_hp_loss":0,"event_name":"Beggar","floor":24,"gold_loss":75}],"is_beta":false,"boss_relics":[{"not_picked":["Velvet Choker","WristBlade"],"picked":"Black Star"}],"items_purged_floors":[13,27],"is_endless":false,"potions_floor_spawned":[1,11,16,29],"killed_by":"Snake Plant","ascension_level":20}