{"gold_per_floor":[11,25,38,38,55,88,88,116,116,116,143,143,143],"floor_reached":13,"playtime":602,"items_purged":[],"score":196,"play_id":"afb76b94-b1ec-4414-b08f-184a12faddff","local_time":"20220614175400","is_ascension_mode":true,"campfire_choices":[{"floor":7,"key":"REST"},{"data":"Footwork","floor":10,"key":"SMITH"},{"floor":12,"key":"REST"}],"neow_cost":"NO_GOLD","seed_source_timestamp":659532719062200,"circlet_count":0,"master_deck":["AscendersBane","Strike_G","Strike_G","Strike_G","Strike_G","Defend_G","Defend_G","Defend_G","Defend_G","Survivor","Neutralize","Deflect","Underhanded Strike","Acrobatics","Dagger Throw","Underhanded Strike","Footwork+1","Dodge and Roll","Tactician","Blur"],"relics":["Ring of the Snake","Smiling Mask","Bottled Flame","WingedGreaves","StoneCalendar"],"potions_floor_usage":[6,8],"damage_taken":[{"damage":2,"enemies":"Cultist","floor":1,"turns":4},{"damage":0,"enemies":"Jaw Worm","floor":2,"turns":3},{"damage":0,"enemies":"Small Slimes","floor":3,"turns":4},{"damage":2,"enemies":"2 Fungi Beasts","floor":5,"turns":5},{"damage":6,"enemies":"3 Sentries","floor":6,"turns":8},{"damage":7,"enemies":"Gremlin Nob","floor":8,"turns":3},{"damage":25,"enemies":"3 Sentries","floor":11,"turns":11},{"damage":40,"enemies":"Gremlin Nob","floor":13,"turns":4}],"seed_played":"4993624092001791450","potions_obtained":[{"floor":2,"key":"Fire Potion"},{"floor":5,"key":"GamblersBrew"},{"floor":11,"key":"Dexterity Potion"}],"is_trial":false,"path_per_floor":["M","M","M","?","M","E","R","E","T","R","E","R","E"],"character_chosen":"THE_SILENT","items_purchased":[],"campfire_rested":2,"item_purchase_floors":[],"current_hp_per_floor":[57,57,57,31,29,23,42,35,35,35,10,29,0],"gold":143,"neow_bonus":"TRANSFORM_TWO_CARDS","is_prod":false,"is_daily":false,"chose_seed":false,"campfire_upgraded":1,"win_rate":0,"timestamp":1655243640,"path_taken":["M","?","M","?","M","E","R","E","T","R","E","R","E"],"build_version":"2022-03-07","purchased_purges":0,"victory":false,"max_hp_per_floor":[66,66,66,66,66,66,66,66,66,66,66,66,66],"card_choices":[{"not_picked":["Blur","Cloak And Dagger"],"picked":"Acrobatics","floor":1},{"not_picked":["Underhanded Strike","Expertise"],"picked":"Dagger Throw","floor":2},{"not_picked":["Dagger Throw","Outmaneuver"],"picked":"Underhanded Strike","floor":3},{"not_picked":["Eviscerate","Dagger Throw"],"picked":"Footwork","floor":5},{"not_picked":["Poisoned Stab","Bane"],"picked":"Dodge and Roll","floor":6},{"not_picked":["Deadly Poison","Burst"],"picked":"Tactician","floor":8},{"not_picked":["Dagger Throw","Endless Agony"],"picked":"Blur","floor":11}],"player_experience":1037525,"relics_obtained":[{"floor":6,"key":"Smiling Mask"},{"floor":8,"key":"Bottled Flame"},{"floor":9,"key":"WingedGreaves"},{"floor":11,"key":"StoneCalendar"}],"event_choices":[{"damage_healed":0,"gold_gain":0,"player_choice":"Fled","damage_taken":26,"max_hp_gain":0,"max_hp_loss":0,"event_name":"Scrap Ooze","floor":4,"gold_loss":0}],"is_beta":false,"boss_relics":[],"items_purged_floors":[],"is_endless":false,"potions_floor_spawned":[2,5,11],"killed_by":"Gremlin Nob","ascension_level":18}