{"gold_per_floor":[12,24,44,61,136,136,149,184,208,234,234],"floor_reached":11,"playtime":536,"items_purged":[],"score":170,"play_id":"a451050c-dbfe-4512-acd1-a9fd77e6f09e","local_time":"20220623014952","is_ascension_mode":true,"campfire_choices":[{"data":"Terror","floor":6,"key":"SMITH"}],"neow_cost":"NO_GOLD","seed_source_timestamp":514998608755400,"circlet_count":0,"master_deck":["AscendersBane","Strike_G","Strike_G","Strike_G","Strike_G","Strike_G","Defend_G","Defend_G","Defend_G","Defend_G","Defend_G","Survivor","Neutralize","After Image","Dagger Throw","Underhanded Strike","Terror+1","Quick Slash","Venomology","Underhanded Strike"],"relics":["Ring of the Snake","The Specimen","PreservedInsect","MealTicket"],"potions_floor_usage":[4,8,11,11],"damage_taken":[{"damage":0,"enemies":"Jaw Worm","floor":1,"turns":6},{"damage":9,"enemies":"Small Slimes","floor":2,"turns":4},{"damage":0,"enemies":"2 Louse","floor":3,"turns":3},{"damage":3,"enemies":"Exordium Wildlife","floor":4,"turns":4},{"damage":7,"enemies":"3 Louse","floor":7,"turns":4},{"damage":22,"enemies":"3 Sentries","floor":8,"turns":12},{"damage":5,"enemies":"Lagavulin","floor":10,"turns":6},{"damage":13,"enemies":"The Mushroom Lair","floor":11,"turns":2}],"seed_played":"8108561449004568730","potions_obtained":[{"floor":1,"key":"Weak Potion"},{"floor":3,"key":"GhostInAJar"},{"floor":10,"key":"FearPotion"}],"is_trial":false,"path_per_floor":["M","M","M","M","?","R","M","E","T","E","?"],"character_chosen":"THE_SILENT","items_purchased":[],"campfire_rested":0,"item_purchase_floors":[],"current_hp_per_floor":[59,50,50,47,36,36,29,7,7,2,0],"gold":234,"neow_bonus":"THREE_RARE_CARDS","is_prod":false,"is_daily":false,"chose_seed":false,"campfire_upgraded":1,"win_rate":0,"timestamp":1655963392,"path_taken":["M","M","M","M","?","R","M","E","T","E","?"],"build_version":"2022-03-07","purchased_purges":0,"victory":false,"max_hp_per_floor":[66,66,66,66,66,66,66,66,66,66,66],"relic_stats":{"The Specimen":[0],"counters":[8,41],"MealTicket":0,"PreservedInsect":29,"obtain_stats":[{"The Specimen":8,"MealTicket":10,"PreservedInsect":9,"Ring of the Snake":0},{"The Specimen":6,"MealTicket":7,"PreservedInsect":6,"Ring of the Snake":0},{"The Specimen":33,"MealTicket":39,"PreservedInsect":33,"Ring of the Snake":0}],"Ring of the Snake":[16]},"card_choices":[{"not_picked":["Phantasmal Killer","Tools of the Trade"],"picked":"After Image","floor":0},{"not_picked":["Escape Plan","Poisoned Stab"],"picked":"Dagger Throw","floor":1},{"not_picked":["Poisoned Stab","Deadly Poison","Accuracy"],"picked":"SKIP","floor":2},{"not_picked":["Poisoned Stab","Masterful Stab"],"picked":"Underhanded Strike","floor":3},{"not_picked":["Poisoned Stab","Deadly Poison"],"picked":"Terror","floor":4},{"not_picked":["Dodge and Roll","Poisoned Stab"],"picked":"Quick Slash","floor":7},{"not_picked":["Tools of the Trade","Crippling Poison"],"picked":"Venomology","floor":8},{"not_picked":["Expertise","Dagger Spray"],"picked":"Underhanded Strike","floor":10}],"player_experience":1050667,"relics_obtained":[{"floor":8,"key":"The Specimen"},{"floor":9,"key":"PreservedInsect"},{"floor":10,"key":"MealTicket"}],"event_choices":[{"damage_healed":0,"gold_gain":75,"player_choice":"Gather Gold","damage_taken":11,"max_hp_gain":0,"max_hp_loss":0,"event_name":"World of Goop","floor":5,"gold_loss":0},{"damage_healed":0,"gold_gain":0,"player_choice":"Fought Mushrooms","damage_taken":0,"max_hp_gain":0,"max_hp_loss":0,"event_name":"Mushrooms","floor":11,"gold_loss":0}],"is_beta":false,"boss_relics":[],"items_purged_floors":[],"is_endless":false,"potions_floor_spawned":[1,3,10],"killed_by":"The Mushroom Lair","ascension_level":20}