{"gold_per_floor":[119,134,134,134,209,209,236,254,280,311,325,325,341,136,136,213,213,223,223,237,263,263,263,289,289,314,340,340,359,51,61,61,138,138,148,159,174,174,188,221,221,221,221,250,270,2,2,14,14,14,14,14,14,49,49],"floor_reached":55,"playtime":3072,"items_purged":["Strike_G","Well Laid Plans"],"score":1706,"play_id":"784a4c9f-3881-4bc1-b1ea-340a1a262c14","local_time":"20220621165612","is_ascension_mode":true,"campfire_choices":[{"data":"Blade Dance","floor":6.0,"key":"SMITH"},{"data":"Blur","floor":12.0,"key":"SMITH"},{"data":"Accuracy","floor":15.0,"key":"SMITH"},{"data":"Burst","floor":23.0,"key":"SMITH"},{"data":"Adrenaline","floor":25.0,"key":"SMITH"},{"floor":28.0,"key":"REST"},{"data":"Footwork","floor":32.0,"key":"SMITH"},{"data":"Night Terror","floor":42.0,"key":"SMITH"},{"floor":49,"key":"RECALL"},{"floor":52,"key":"REST"}],"neow_cost":"NONE","seed_source_timestamp":394033386180200,"circlet_count":0,"master_deck":["AscendersBane","Survivor","Neutralize+1","Slice","Blade Dance+1","Burst+1","All Out Attack","Acrobatics","Blur+1","Accuracy+1","Adrenaline+1","Footwork+1","Dodge and Roll","Dodge and Roll+1","Concentrate","Blade Dance","Caltrops","Night Terror+1","Bullet Time","Blur","Dagger Spray","Reflex","Blade Dance","Accuracy","Tactician","Backflip+1","Terror+1","Noxious Fumes","Deflect+1","Concentrate+1"],"special_seed":0,"relics":["Ring of the Snake","NeowsBlessing","Strawberry","Pen Nib","Akabeko","Runic Pyramid","Red Mask","Boot","Bronze Scales","Ornamental Fan","Shuriken","Pandora\u0027s Box","Blue Candle","Toy Ornithopter","Frozen Eye","Oddly Smooth Stone"],"potions_floor_usage":[54],"damage_taken":[{"damage":0.0,"enemies":"Cultist","floor":1.0,"turns":1.0},{"damage":0.0,"enemies":"Jaw Worm","floor":2.0,"turns":1.0},{"damage":0.0,"enemies":"Lagavulin","floor":7.0,"turns":1.0},{"damage":0.0,"enemies":"2 Louse","floor":8.0,"turns":3.0},{"damage":25.0,"enemies":"3 Sentries","floor":10.0,"turns":8.0},{"damage":0.0,"enemies":"Looter","floor":11.0,"turns":2.0},{"damage":2.0,"enemies":"Lots of Slimes","floor":13.0,"turns":3.0},{"damage":2.0,"enemies":"The Guardian","floor":16.0,"turns":12.0},{"damage":2.0,"enemies":"Shell Parasite","floor":18.0,"turns":3.0},{"damage":3.0,"enemies":"Spheric Guardian","floor":20.0,"turns":4.0},{"damage":10.0,"enemies":"Masked Bandits","floor":21.0,"turns":7.0},{"damage":2.0,"enemies":"Book of Stabbing","floor":24.0,"turns":7.0},{"damage":27.0,"enemies":"Gremlin Leader","floor":27.0,"turns":5.0},{"damage":1.0,"enemies":"Snake Plant","floor":29.0,"turns":3.0},{"damage":0.0,"enemies":"Centurion and Healer","floor":31.0,"turns":7.0},{"damage":0.0,"enemies":"Collector","floor":33.0,"turns":6.0},{"damage":0.0,"enemies":"Orb Walker","floor":35.0,"turns":3.0},{"damage":9.0,"enemies":"3 Darklings","floor":36.0,"turns":3.0},{"damage":0.0,"enemies":"Transient","floor":37.0,"turns":6.0},{"damage":18.0,"enemies":"Jaw Worm Horde","floor":39.0,"turns":4.0},{"damage":0.0,"enemies":"Nemesis","floor":40.0,"turns":5.0},{"damage":0,"enemies":"Giant Head","floor":44,"turns":4},{"damage":9,"enemies":"Writhing Mass","floor":45,"turns":4},{"damage":0,"enemies":"Spire Growth","floor":48,"turns":3},{"damage":50,"enemies":"Awakened One","floor":50,"turns":9},{"damage":32,"enemies":"Shield and Spear","floor":54,"turns":6},{"damage":70,"enemies":"The Heart","floor":55,"turns":3}],"seed_played":"4848566100950816320","potions_obtained":[{"floor":8.0,"key":"SkillPotion"},{"floor":10.0,"key":"Dexterity Potion"},{"floor":27.0,"key":"Strength Potion"},{"floor":31.0,"key":"CultistPotion"},{"floor":33.0,"key":"GamblersBrew"},{"floor":38.0,"key":"LiquidMemories"},{"floor":40.0,"key":"DuplicationPotion"}],"is_trial":false,"path_per_floor":["M","M","?","?","?","R","E","M","T","E","M","R","M","$","R","B",null,"M","?","M","?","?","R","E","R","T","E","R","M","$","M","R","B",null,"M","M","M","?","M","E","?","R","T","E","M","$","?","M","R","B",null,"R","$","E","B"],"character_chosen":"THE_SILENT","items_purchased":["Strength Potion","Accuracy","Shuriken","Caltrops","Frozen Eye"],"campfire_rested":2,"item_purchase_floors":[14,14,30,30,46],"current_hp_per_floor":[59,59,39,61,50,50,57,57,57,32,32,32,30,30,30,28,62,60,60,57,47,47,47,45,45,45,18,39,38,38,38,38,38,64,64,55,55,55,37,37,37,37,37,37,28,28,60,60,60,10,48,60,60,28,0],"gold":49,"neow_bonus":"THREE_ENEMY_KILL","is_prod":false,"is_daily":false,"chose_seed":false,"campfire_upgraded":7,"win_rate":0,"timestamp":1655844972,"path_taken":["M","M","?","?","?","R","E","M","T","E","M","R","M","$","R","BOSS","M","?","?","?","?","R","E","R","T","E","R","M","$","M","R","BOSS","M","M","M","?","?","E","?","R","T","E","M","$","?","M","R","BOSS","R","$","E","BOSS"],"build_version":"2022-03-07","purchased_purges":2,"victory":false,"max_hp_per_floor":[66,66,66,66,66,66,73,73,73,73,73,73,73,73,73,73,73,73,73,73,73,73,73,73,73,73,73,73,73,73,73,73,73,73,73,73,73,73,73,73,73,73,73,73,73,73,60,60,60,60,60,60,60,60,60],"card_choices":[{"not_picked":["Prepared","PiercingWail"],"picked":"Slice","floor":1.0},{"not_picked":["Cloak And Dagger","Expertise"],"picked":"Blade Dance","floor":2.0},{"not_picked":["Skewer","Masterful Stab"],"picked":"Burst","floor":7.0},{"not_picked":["Deflect","Flying Knee"],"picked":"All Out Attack","floor":8.0},{"not_picked":["Expertise","Dodge and Roll"],"picked":"Acrobatics","floor":10.0},{"not_picked":["Slice","Finisher"],"picked":"Blur","floor":11.0},{"not_picked":["Calculated Gamble","Quick Slash","Poisoned Stab"],"picked":"SKIP","floor":13.0},{"not_picked":["Doppelganger","Wraith Form v2"],"picked":"Adrenaline","floor":16.0},{"not_picked":["Caltrops","Dagger Throw"],"picked":"Footwork","floor":18.0},{"not_picked":["Dagger Spray+1","Leg Sweep"],"picked":"Dodge and Roll+1","floor":20.0},{"not_picked":["Flying Knee","Predator"],"picked":"Concentrate","floor":21.0},{"not_picked":["Dodge and Roll","Flechettes","Poisoned Stab"],"picked":"SKIP","floor":24.0},{"not_picked":["Leg Sweep+1","Bane","Deadly Poison"],"picked":"SKIP","floor":27.0},{"not_picked":["Heel Hook","Accuracy"],"picked":"Blade Dance","floor":29.0},{"not_picked":["Outmaneuver","Deflect","Endless Agony"],"picked":"SKIP","floor":31.0},{"not_picked":["Grand Finale","Malaise"],"picked":"Night Terror","floor":33.0},{"not_picked":["Cloak And Dagger","Bane"],"picked":"Tactician","floor":35.0},{"not_picked":["Poisoned Stab","Slice"],"picked":"Backflip+1","floor":36.0},{"not_picked":["Bane","Poisoned Stab"],"picked":"Terror+1","floor":37.0},{"not_picked":["Calculated Gamble","Crippling Poison","Underhanded Strike"],"picked":"SKIP","floor":39.0},{"not_picked":["Corpse Explosion","Flying Knee+1"],"picked":"Noxious Fumes","floor":40.0},{"not_picked":["Outmaneuver+1","Quick Slash","Catalyst"],"picked":"SKIP","floor":44},{"not_picked":["Dagger Spray","Backflip","Slice"],"picked":"SKIP","floor":45},{"not_picked":["Backflip","Dagger Throw"],"picked":"Deflect+1","floor":48},{"not_picked":["Dagger Spray+1","Wraith Form v2"],"picked":"Concentrate+1","floor":54}],"player_experience":1043116,"relics_obtained":[{"floor":7.0,"key":"Strawberry"},{"floor":9.0,"key":"Pen Nib"},{"floor":10.0,"key":"Akabeko"},{"floor":21.0,"key":"Red Mask"},{"floor":24.0,"key":"Boot"},{"floor":26.0,"key":"Bronze Scales"},{"floor":27.0,"key":"Ornamental Fan"},{"floor":40.0,"key":"Blue Candle"},{"floor":44,"key":"Toy Ornithopter"},{"floor":54,"key":"Oddly Smooth Stone"}],"event_choices":[{"damage_healed":0.0,"max_hp_gain":0.0,"max_hp_loss":0.0,"gold_gain":0.0,"event_name":"Shining Light","player_choice":"Entered Light","floor":3.0,"gold_loss":0.0,"damage_taken":20.0,"cards_upgraded":["Defend_G","Neutralize"]},{"damage_healed":22.0,"max_hp_gain":0.0,"max_hp_loss":0.0,"gold_gain":0.0,"event_name":"Big Fish","player_choice":"Banana","floor":4.0,"gold_loss":0.0,"damage_taken":0.0},{"damage_healed":0.0,"max_hp_gain":0.0,"max_hp_loss":0.0,"gold_gain":75.0,"event_name":"World of Goop","player_choice":"Gather Gold","floor":5.0,"gold_loss":0.0,"damage_taken":11.0},{"damage_healed":0.0,"max_hp_gain":0.0,"max_hp_loss":0.0,"gold_gain":0.0,"cards_transformed":["Strike_G"],"event_name":"Transmorgrifier","player_choice":"Transformed","floor":19.0,"gold_loss":0.0,"damage_taken":0.0,"cards_obtained":["Dodge and Roll"]},{"damage_healed":0.0,"max_hp_gain":0.0,"max_hp_loss":0.0,"gold_gain":0.0,"event_name":"Masked Bandits","player_choice":"Fought Bandits","floor":21.0,"gold_loss":0.0,"damage_taken":0.0},{"damage_healed":0.0,"max_hp_gain":0.0,"max_hp_loss":0.0,"gold_gain":0.0,"cards_transformed":["Defend_G","Strike_G"],"event_name":"Drug Dealer","player_choice":"Became Test Subject","floor":22.0,"gold_loss":0.0,"damage_taken":0.0,"cards_obtained":["Heel Hook","Well Laid Plans"]},{"damage_healed":0.0,"max_hp_gain":0.0,"max_hp_loss":0.0,"gold_gain":0.0,"event_name":"Lab","player_choice":"Got Potions","floor":38.0,"gold_loss":0.0,"damage_taken":0.0},{"cards_removed":["Heel Hook"],"damage_healed":0.0,"max_hp_gain":0.0,"max_hp_loss":0.0,"gold_gain":0.0,"event_name":"Falling","player_choice":"Removed Attack","floor":41.0,"gold_loss":0.0,"damage_taken":0.0},{"damage_healed":60,"gold_gain":0,"player_choice":"Heal","damage_taken":0,"max_hp_gain":0,"max_hp_loss":13,"event_name":"The Moai Head","floor":47,"gold_loss":0}],"is_beta":false,"boss_relics":[{"not_picked":["Ectoplasm","Sozu"],"picked":"Runic Pyramid"},{"not_picked":["HoveringKite","Ring of the Serpent"],"picked":"Pandora\u0027s Box"}],"items_purged_floors":[14,46],"is_endless":false,"potions_floor_spawned":[8,10,13,27,31,33,37,40,44,48],"killed_by":"The Heart","ascension_level":19}