{"gold_per_floor":[116,127,140,14,28,60,72,72,72,72,101,101,113,73],"floor_reached":14,"playtime":825,"items_purged":["Strike_G"],"score":204,"play_id":"0dbdef53-736c-45ed-a437-4875c64b47c5","local_time":"20220727165344","is_ascension_mode":true,"campfire_choices":[{"data":"Flechettes","floor":8.0,"key":"SMITH"},{"floor":10.0,"key":"REST"}],"neow_cost":"TEN_PERCENT_HP_LOSS","seed_source_timestamp":113003533267800,"circlet_count":0,"master_deck":["AscendersBane","Strike_G","Strike_G","Strike_G","Strike_G","Defend_G","Defend_G","Defend_G","Defend_G","Defend_G","Survivor","Neutralize","Flechettes+1","Underhanded Strike","PiercingWail","Acrobatics","Footwork","Bouncing Flask","Concentrate"],"special_seed":0,"relics":["Ring of the Snake","The Specimen","Bag of Preparation","Pear","Bottled Lightning"],"potions_floor_usage":[],"damage_taken":[{"damage":1.0,"enemies":"Cultist","floor":1.0,"turns":4.0},{"damage":4.0,"enemies":"Jaw Worm","floor":2.0,"turns":5.0},{"damage":1.0,"enemies":"Small Slimes","floor":3.0,"turns":3.0},{"damage":6.0,"enemies":"Blue Slaver","floor":5.0,"turns":7.0},{"damage":28.0,"enemies":"Lagavulin","floor":6.0,"turns":9.0},{"damage":0.0,"enemies":"Exordium Wildlife","floor":7.0,"turns":5.0},{"damage":46.0,"enemies":"3 Sentries","floor":11.0,"turns":15.0},{"damage":0.0,"enemies":"2 Fungi Beasts","floor":13.0,"turns":3.0},{"damage":4,"enemies":"Looter","floor":14,"turns":2}],"seed_played":"-2173181781141166169","potions_obtained":[{"floor":2.0,"key":"Fire Potion"},{"floor":3.0,"key":"GamblersBrew"}],"is_trial":false,"path_per_floor":["M","M","M","$","M","E","M","R","T","R","E","?","M","M"],"character_chosen":"THE_SILENT","items_purchased":["Acrobatics"],"campfire_rested":1,"item_purchase_floors":[4],"current_hp_per_floor":[58,54,53,53,47,19,19,19,29,50,4,4,4,0],"gold":73,"neow_bonus":"ONE_RARE_RELIC","is_prod":false,"is_daily":false,"chose_seed":false,"campfire_upgraded":1,"win_rate":0,"timestamp":1658955224,"path_taken":["M","M","?","?","M","E","?","R","T","R","E","?","M","?"],"build_version":"2022-03-07","purchased_purges":1,"victory":false,"max_hp_per_floor":[60,60,60,60,60,60,60,60,70,70,70,70,70,70],"card_choices":[{"not_picked":["Backflip","Blade Dance"],"picked":"Flechettes","floor":1.0},{"not_picked":["Riddle With Holes","Flechettes"],"picked":"Underhanded Strike","floor":2.0},{"not_picked":["Infinite Blades","Dodge and Roll"],"picked":"PiercingWail","floor":3.0},{"not_picked":["Catalyst","Dagger Spray"],"picked":"Footwork","floor":5.0},{"not_picked":["Riddle With Holes","Blur","Quick Slash"],"picked":"SKIP","floor":6.0},{"not_picked":["Dash","Underhanded Strike","Backstab"],"picked":"SKIP","floor":7.0},{"not_picked":["Storm of Steel","Endless Agony"],"picked":"Bouncing Flask","floor":11.0},{"not_picked":["Finisher","Sucker Punch"],"picked":"Concentrate","floor":13.0}],"player_experience":1084832,"relics_obtained":[{"floor":6.0,"key":"Bag of Preparation"},{"floor":9.0,"key":"Pear"},{"floor":11.0,"key":"Bottled Lightning"}],"event_choices":[{"damage_healed":0.0,"max_hp_gain":0.0,"max_hp_loss":0.0,"gold_gain":0.0,"event_name":"Match and Keep!","player_choice":"0 cards matched","floor":12.0,"gold_loss":0.0,"damage_taken":0.0,"cards_obtained":[]}],"is_beta":false,"boss_relics":[],"items_purged_floors":[4],"is_endless":false,"potions_floor_spawned":[2,3,5],"killed_by":"Looter","ascension_level":20}