{"gold_per_floor":[119,119,31,31,48,48,98,128,179,179,190,190,190],"floor_reached":13,"playtime":1512,"items_purged":[],"score":162,"play_id":"30b619c8-cc82-477c-ba3d-b6ac08d92728","local_time":"20220728214156","is_ascension_mode":true,"campfire_choices":[{"floor":6,"key":"REST"},{"data":"Night Terror","floor":10,"key":"SMITH"}],"neow_cost":"NONE","seed_source_timestamp":214029233372300,"circlet_count":0,"master_deck":["AscendersBane","Strike_G","Strike_G","Strike_G","Strike_G","Strike_G","Defend_G","Defend_G","Defend_G","Defend_G+1","Survivor","Neutralize","Night Terror+1","Predator+1","Slice","Reflex"],"special_seed":0,"relics":["Ring of the Snake","Shuriken","Bag of Preparation"],"potions_floor_usage":[8],"damage_taken":[{"damage":7,"enemies":"Small Slimes","floor":1,"turns":5},{"damage":0,"enemies":"2 Louse","floor":5,"turns":3},{"damage":24,"enemies":"Lagavulin","floor":8,"turns":8},{"damage":0,"enemies":"Cultist","floor":11,"turns":3},{"damage":27,"enemies":"3 Sentries","floor":13,"turns":6}],"seed_played":"5252985941506784930","potions_obtained":[{"floor":1,"key":"EssenceOfSteel"},{"floor":11,"key":"Ancient Potion"}],"is_trial":false,"path_per_floor":["M","?","$","?","M","R","?","E","T","R","M","?","E"],"character_chosen":"THE_SILENT","items_purchased":["Predator"],"campfire_rested":1,"item_purchase_floors":[3],"current_hp_per_floor":[52,57,57,36,36,57,57,33,33,33,33,26,0],"gold":190,"neow_bonus":"ONE_RANDOM_RARE_CARD","is_prod":false,"is_daily":false,"chose_seed":false,"campfire_upgraded":1,"win_rate":0,"timestamp":1659058916,"path_taken":["M","?","$","?","M","R","?","E","T","R","?","?","E"],"build_version":"2022-03-07","purchased_purges":0,"victory":false,"max_hp_per_floor":[66,71,71,71,71,71,71,71,71,71,71,71,71],"card_choices":[{"not_picked":["Prepared","Bane","Infinite Blades"],"picked":"SKIP","floor":1},{"not_picked":["Quick Slash","Backflip"],"picked":"Slice","floor":5},{"not_picked":["Cloak And Dagger","Caltrops"],"picked":"Reflex","floor":8},{"not_picked":["Tactician","Backflip","Tools of the Trade"],"picked":"SKIP","floor":11}],"player_experience":1095856,"relics_obtained":[{"floor":8,"key":"Shuriken"},{"floor":9,"key":"Bag of Preparation"}],"event_choices":[{"damage_healed":0,"gold_gain":0,"player_choice":"Donut","damage_taken":0,"max_hp_gain":5,"max_hp_loss":0,"event_name":"Big Fish","floor":2,"gold_loss":0},{"damage_healed":0,"gold_gain":0,"player_choice":"Entered Light","damage_taken":21,"max_hp_gain":0,"max_hp_loss":0,"event_name":"Shining Light","floor":4,"gold_loss":0,"cards_upgraded":["Defend_G","Predator"]},{"damage_healed":0,"gold_gain":50,"player_choice":"Pray","damage_taken":0,"max_hp_gain":0,"max_hp_loss":0,"event_name":"Golden Shrine","floor":7,"gold_loss":0},{"cards_removed":["Defend_G"],"damage_healed":0,"gold_gain":0,"player_choice":"Card Removal","damage_taken":7,"max_hp_gain":0,"max_hp_loss":0,"event_name":"Golden Wing","floor":12,"gold_loss":0}],"is_beta":false,"boss_relics":[],"items_purged_floors":[],"is_endless":false,"potions_floor_spawned":[1,11],"killed_by":"3 Sentries","ascension_level":20}