{"gold_per_floor":[118,129,129,146,157,192,192,208,253,253,272,272,283,302,302,381,381,395,407,79,4,4,32,46,46,346,123,48,78,78,90,90,165,165,175,125,136,136,57,83,93,109,109,109,121,147,177,205,217,229,241,253,265,59,84,84],"floor_reached":56,"playtime":3518,"items_purged":["Defend_G","Strike_G","Strike_G","Strike_G","Defend_G"],"score":1906,"play_id":"dd2a9ac7-1033-413d-b908-3fa4a6c90861","local_time":"20220728175305","is_ascension_mode":true,"campfire_choices":[{"floor":10,"key":"REST"},{"data":"Blade Dance","floor":12,"key":"SMITH"},{"data":"Noxious Fumes","floor":15,"key":"SMITH"},{"data":"Wraith Form v2","floor":25,"key":"SMITH"},{"data":"Well Laid Plans","floor":32,"key":"SMITH"},{"data":"Night Terror","floor":44,"key":"SMITH"},{"floor":49,"key":"RECALL"},{"data":"Wraith Form v2","floor":53,"key":"SMITH"}],"neow_cost":"NONE","seed_source_timestamp":200368136071700,"circlet_count":0,"master_deck":["AscendersBane","Strike_G+1","Strike_G+1","Defend_G","Defend_G","Survivor","Neutralize","Slice+1","Blade Dance+1","Slice+1","Finisher","Noxious Fumes+1","Escape Plan","Wraith Form v2+1","Terror","Acrobatics","Well Laid Plans+1","Reflex","Blade Dance+1","Night Terror+1","Escape Plan","Acrobatics","Acrobatics","Wraith Form v2+1","PiercingWail"],"relics":["Ring of the Snake","Centennial Puzzle","Gremlin Horn","Smiling Mask","Coffee Dripper","Shuriken","Pear","Old Coin","Lee\u0027s Waffle","Blood Vial","Runic Dome","Blue Candle","MawBank","Whetstone","Mercury Hourglass"],"potions_floor_usage":[5,5,6,8,16,16,18,23,33,45,56],"damage_taken":[{"damage":4,"enemies":"Jaw Worm","floor":1,"turns":5},{"damage":0,"enemies":"Cultist","floor":2,"turns":3},{"damage":0,"enemies":"2 Louse","floor":4,"turns":4},{"damage":7,"enemies":"Large Slime","floor":5,"turns":4},{"damage":10,"enemies":"3 Sentries","floor":6,"turns":6},{"damage":4,"enemies":"Exordium Wildlife","floor":8,"turns":4},{"damage":0,"enemies":"3 Louse","floor":11,"turns":2},{"damage":3,"enemies":"Looter","floor":13,"turns":3},{"damage":0,"enemies":"Gremlin Gang","floor":14,"turns":3},{"damage":18,"enemies":"The Guardian","floor":16,"turns":9},{"damage":11,"enemies":"Spheric Guardian","floor":18,"turns":5},{"damage":4,"enemies":"2 Thieves","floor":19,"turns":4},{"damage":33,"enemies":"Book of Stabbing","floor":23,"turns":5},{"damage":0,"enemies":"Snake Plant","floor":24,"turns":4},{"damage":25,"enemies":"Gremlin Leader","floor":29,"turns":4},{"damage":6,"enemies":"3 Cultists","floor":31,"turns":4},{"damage":17,"enemies":"Champ","floor":33,"turns":8},{"damage":1,"enemies":"3 Shapes","floor":35,"turns":3},{"damage":1,"enemies":"Orb Walker","floor":37,"turns":3},{"damage":2,"enemies":"Reptomancer","floor":40,"turns":4},{"damage":0,"enemies":"Spire Growth","floor":41,"turns":2},{"damage":0,"enemies":"Jaw Worm Horde","floor":42,"turns":4},{"damage":0,"enemies":"Transient","floor":45,"turns":6},{"damage":5,"enemies":"Giant Head","floor":46,"turns":4},{"damage":1,"enemies":"4 Shapes","floor":47,"turns":5},{"damage":0,"enemies":"Jaw Worm Horde","floor":48,"turns":3},{"damage":31,"enemies":"Awakened One","floor":50,"turns":10},{"damage":20,"enemies":"Donu and Deca","floor":51,"turns":7},{"damage":16,"enemies":"Shield and Spear","floor":55,"turns":8},{"damage":90,"enemies":"The Heart","floor":56,"turns":9}],"seed_played":"8038586701659595272","potions_obtained":[{"floor":1,"key":"BlessingOfTheForge"},{"floor":3,"key":"EntropicBrew"},{"floor":6,"key":"Fruit Juice"},{"floor":13,"key":"SpeedPotion"},{"floor":16,"key":"SkillPotion"},{"floor":18,"key":"CunningPotion"},{"floor":29,"key":"Block Potion"},{"floor":31,"key":"GamblersBrew"},{"floor":37,"key":"CunningPotion"},{"floor":41,"key":"SkillPotion"},{"floor":42,"key":"FairyPotion"},{"floor":46,"key":"Energy Potion"},{"floor":48,"key":"Swift Potion"}],"is_trial":false,"path_per_floor":["M","M","?","M","M","E","?","M","T","R","M","R","M","M","R","B",null,"M","M","$","?","?","E","M","R","T","$","$","E","?","M","R","B",null,"M","$","M","?","$","E","M","M","T","R","M","E","M","M","R","B","B",null,"R","$","E","B"],"character_chosen":"THE_SILENT","items_purchased":["Shuriken","Lee\u0027s Waffle","Well Laid Plans","Acrobatics","Whetstone"],"campfire_rested":1,"item_purchase_floors":[20,27,28,39,54],"current_hp_per_floor":[55,55,55,55,48,38,18,19,19,40,40,40,37,37,37,19,58,47,43,43,43,43,20,20,20,20,88,88,63,63,59,59,44,77,78,78,79,79,79,79,81,83,83,83,85,82,83,85,85,56,38,76,76,76,62,0],"gold":84,"neow_bonus":"RANDOM_COMMON_RELIC","is_prod":false,"is_daily":false,"chose_seed":false,"campfire_upgraded":6,"win_rate":0,"timestamp":1659045185,"path_taken":["M","M","?","M","?","E","?","M","T","R","M","R","M","M","R","BOSS","M","M","$","?","?","E","M","R","T","?","$","E","?","M","R","BOSS","M","$","M","?","$","E","M","?","T","R","M","E","M","M","R","BOSS","BOSS","R","$","E","BOSS"],"build_version":"2022-03-07","purchased_purges":5,"victory":false,"max_hp_per_floor":[66,66,66,66,66,66,66,71,71,71,71,71,71,71,71,71,71,71,71,71,71,71,81,81,81,81,88,88,88,88,88,88,88,88,88,88,88,88,88,88,88,88,88,88,88,88,88,88,88,88,88,88,88,88,88,88],"card_choices":[{"not_picked":["Calculated Gamble","Backstab"],"picked":"Slice","floor":1},{"not_picked":["Calculated Gamble","Prepared","PiercingWail"],"picked":"SKIP","floor":2},{"not_picked":["Calculated Gamble","PiercingWail"],"picked":"Blade Dance","floor":4},{"not_picked":["Backstab","Escape Plan"],"picked":"Slice","floor":5},{"not_picked":["Doppelganger","Dagger Spray","Blade Dance"],"picked":"SKIP","floor":8},{"not_picked":["Predator","Infinite Blades"],"picked":"Finisher","floor":11},{"not_picked":["Dash","Prepared"],"picked":"Noxious Fumes","floor":13},{"not_picked":["Dagger Throw","Poisoned Stab"],"picked":"Escape Plan","floor":14},{"not_picked":["Tools of the Trade","Glass Knife"],"picked":"Wraith Form v2","floor":16},{"not_picked":["Prepared","Bane"],"picked":"Terror","floor":18},{"not_picked":["Dagger Throw","Masterful Stab","Setup+1"],"picked":"SKIP","floor":19},{"not_picked":["Venomology","Grand Finale"],"picked":"Acrobatics","floor":23},{"not_picked":["Sucker Punch","Leg Sweep","Catalyst"],"picked":"SKIP","floor":24},{"not_picked":["Footwork","Quick Slash"],"picked":"Reflex","floor":29},{"not_picked":["Slice","Catalyst"],"picked":"Blade Dance+1","floor":31},{"not_picked":["Malaise","A Thousand Cuts"],"picked":"Night Terror","floor":33},{"not_picked":["Dagger Spray","Well Laid Plans"],"picked":"Escape Plan","floor":35},{"not_picked":["Underhanded Strike","Concentrate","Flying Knee"],"picked":"SKIP","floor":37},{"not_picked":["Backstab","Expertise"],"picked":"Acrobatics","floor":40},{"not_picked":["Poisoned Stab","Sucker Punch","Prepared"],"picked":"SKIP","floor":41},{"not_picked":["Slice","Prepared","Cloak And Dagger"],"picked":"SKIP","floor":42},{"not_picked":["Cloak And Dagger+1","Endless Agony","Acrobatics"],"picked":"SKIP","floor":45},{"not_picked":["Heel Hook","Poisoned Stab"],"picked":"Wraith Form v2","floor":46},{"not_picked":["Bane","Sucker Punch"],"picked":"PiercingWail","floor":47},{"not_picked":["Escape Plan","Backflip","Deflect"],"picked":"SKIP","floor":48},{"not_picked":["Infinite Blades","A Thousand Cuts","Outmaneuver"],"picked":"SKIP","floor":55}],"player_experience":1092338,"relics_obtained":[{"floor":6,"key":"Gremlin Horn"},{"floor":9,"key":"Smiling Mask"},{"floor":23,"key":"Pear"},{"floor":26,"key":"Old Coin"},{"floor":29,"key":"Blood Vial"},{"floor":40,"key":"Blue Candle"},{"floor":46,"key":"MawBank"},{"floor":55,"key":"Mercury Hourglass"}],"event_choices":[{"damage_healed":0,"gold_gain":0,"player_choice":"Got Potions","damage_taken":0,"max_hp_gain":0,"max_hp_loss":0,"event_name":"Lab","floor":3,"gold_loss":0},{"damage_healed":0,"gold_gain":0,"player_choice":"Entered Light","damage_taken":20,"max_hp_gain":0,"max_hp_loss":0,"event_name":"Shining Light","floor":7,"gold_loss":0,"cards_upgraded":["Strike_G","Strike_G"]},{"cards_removed":["Defend_G"],"damage_healed":0,"gold_gain":0,"player_choice":"Gave Gold","damage_taken":0,"max_hp_gain":0,"max_hp_loss":0,"event_name":"Beggar","floor":21,"gold_loss":75},{"damage_healed":0,"gold_gain":0,"player_choice":"Ignored","damage_taken":0,"max_hp_gain":0,"max_hp_loss":0,"event_name":"Cursed Tome","floor":22,"gold_loss":0},{"damage_healed":0,"gold_gain":0,"player_choice":"Ignored","damage_taken":0,"max_hp_gain":0,"max_hp_loss":0,"event_name":"Vampires","floor":30,"gold_loss":0},{"damage_healed":0,"gold_gain":0,"player_choice":"Ignored","damage_taken":0,"max_hp_gain":0,"max_hp_loss":0,"event_name":"SecretPortal","floor":38,"gold_loss":0}],"is_beta":false,"boss_relics":[{"not_picked":["Calling Bell","Ectoplasm"],"picked":"Coffee Dripper"},{"not_picked":["Velvet Choker","Empty Cage"],"picked":"Runic Dome"}],"items_purged_floors":[20,27,36,39,54],"is_endless":false,"potions_floor_spawned":[1,6,13,14,16,18,29,31,37,41,42,46,48],"killed_by":"The Heart","ascension_level":20}