{"gold_per_floor":[117,192,20,30,42,71,71,98,98,98,68,68,85,105,105,182,182,200,200,216,24,44,44,59,87,87,87,97,147,67,93,93,93],"floor_reached":33,"playtime":1902,"items_purged":["Defend_G","Strike_G"],"score":590,"play_id":"6bf6e512-a970-489b-b6a8-46e63fe05bfe","local_time":"20220829152519","is_ascension_mode":true,"campfire_choices":[{"floor":7.0,"key":"REST"},{"floor":10,"key":"REST"},{"data":"Dagger Spray","floor":12,"key":"SMITH"},{"floor":15,"key":"REST"},{"data":"Wraith Form v2","floor":23,"key":"SMITH"},{"floor":27,"key":"REST"},{"data":"Calculated Gamble","floor":32,"key":"SMITH"}],"neow_cost":"NONE","seed_source_timestamp":396497189211400,"circlet_count":0,"master_deck":["AscendersBane","Strike_G","Strike_G","Strike_G","Strike_G","Defend_G","Defend_G","Defend_G","Survivor","Neutralize","Dagger Spray+1","Concentrate","Dagger Throw","Reflex","Underhanded Strike","Backflip","Calculated Gamble+1","Dagger Throw","Wraith Form v2+1","Well Laid Plans","Backflip","Acrobatics","Terror","Backflip","PiercingWail","Expertise","Underhanded Strike"],"special_seed":0,"relics":["Ring of the Snake","Orrery","The Courier","Blood Vial","InkBottle","Runic Dome","Pantograph","Art of War"],"potions_floor_usage":[13,16,20,28,33,33],"damage_taken":[{"damage":2.0,"enemies":"2 Louse","floor":1.0,"turns":4.0},{"damage":0.0,"enemies":"Cultist","floor":4.0,"turns":3.0},{"damage":7.0,"enemies":"Jaw Worm","floor":5.0,"turns":4.0},{"damage":5.0,"enemies":"3 Sentries","floor":6.0,"turns":2.0},{"damage":48.0,"enemies":"Lagavulin","floor":8.0,"turns":9.0},{"damage":0,"enemies":"3 Louse","floor":13,"turns":2},{"damage":15,"enemies":"Large Slime","floor":14,"turns":8},{"damage":9,"enemies":"Slime Boss","floor":16,"turns":6},{"damage":9,"enemies":"Shell Parasite","floor":18,"turns":5},{"damage":2,"enemies":"2 Thieves","floor":20,"turns":4},{"damage":23,"enemies":"Centurion and Healer","floor":22,"turns":8},{"damage":9,"enemies":"Shelled Parasite and Fungi","floor":24,"turns":5},{"damage":31,"enemies":"Book of Stabbing","floor":25,"turns":6},{"damage":13,"enemies":"Sentry and Sphere","floor":28,"turns":6},{"damage":10,"enemies":"Gremlin Leader","floor":31,"turns":5},{"damage":57,"enemies":"Collector","floor":33,"turns":7}],"seed_played":"-5684928937721302296","potions_obtained":[{"floor":1.0,"key":"SkillPotion"},{"floor":11,"key":"FearPotion"},{"floor":11,"key":"CunningPotion"},{"floor":14,"key":"FearPotion"},{"floor":16,"key":"AttackPotion"},{"floor":25,"key":"Fire Potion"},{"floor":31,"key":"Fruit Juice"}],"is_trial":false,"path_per_floor":["M","?","$","M","M","E","R","E","T","R","?","R","M","M","R","B",null,"M","?","M","$","M","R","M","E","T","R","M","?","$","E","R","B"],"character_chosen":"THE_SILENT","items_purchased":["Orrery","Acrobatics","FairyPotion"],"campfire_rested":4,"item_purchase_floors":[3,21,21],"current_hp_per_floor":[57,46,46,46,39,34,53,5,5,24,24,24,26,13,32,25,56,49,49,49,49,28,28,21,14,14,33,22,22,22,14,14,0],"gold":93,"neow_bonus":"REMOVE_CARD","is_prod":false,"is_daily":false,"chose_seed":false,"campfire_upgraded":3,"win_rate":0,"timestamp":1661801119,"path_taken":["M","?","$","M","M","E","R","E","T","R","?","R","M","?","R","BOSS","M","?","M","$","M","R","M","E","T","R","M","?","$","E","R","BOSS"],"build_version":"2022-03-07","purchased_purges":2,"victory":false,"max_hp_per_floor":[66,66,66,66,66,66,66,66,66,66,66,66,66,66,66,66,66,66,66,66,66,66,66,66,66,66,66,66,66,66,66,66,71],"relic_stats":{"Blood Vial":22,"counters":[16,84],"Pantograph":25,"The Courier":68,"Art of War":[0],"obtain_stats":[{"Blood Vial":8,"Runic Dome":17,"Pantograph":25,"Orrery":3,"The Courier":6,"Art of War":31,"InkBottle":9,"Ring of the Snake":0},{"Blood Vial":5,"Runic Dome":8,"Pantograph":13,"Orrery":1,"The Courier":4,"Art of War":15,"InkBottle":5,"Ring of the Snake":0},{"Blood Vial":22,"Runic Dome":38,"Pantograph":66,"Orrery":4,"The Courier":13,"Art of War":77,"InkBottle":22,"Ring of the Snake":0}],"InkBottle":[31],"Ring of the Snake":[32]},"card_choices":[{"not_picked":["Dagger Throw","Acrobatics"],"picked":"Dagger Spray","floor":1.0},{"not_picked":["Cloak And Dagger","Quick Slash"],"picked":"Concentrate","floor":3.0},{"not_picked":["Setup","Caltrops"],"picked":"Dagger Throw","floor":3.0},{"not_picked":["Poisoned Stab","Flying Knee"],"picked":"Reflex","floor":4.0},{"not_picked":["Cloak And Dagger","Finisher"],"picked":"Underhanded Strike","floor":5.0},{"not_picked":["Riddle With Holes","Crippling Poison"],"picked":"Backflip","floor":6.0},{"not_picked":["Die Die Die","Noxious Fumes"],"picked":"Calculated Gamble","floor":8.0},{"not_picked":["Sucker Punch","Prepared","Crippling Poison"],"picked":"SKIP","floor":13},{"not_picked":["Quick Slash","Masterful Stab"],"picked":"Dagger Throw","floor":14},{"not_picked":["Unload","Burst"],"picked":"Wraith Form v2","floor":16},{"not_picked":["PiercingWail","Bane"],"picked":"Well Laid Plans","floor":18},{"not_picked":["Cloak And Dagger","Dodge and Roll","Outmaneuver"],"picked":"SKIP","floor":20},{"not_picked":["Terror","Sucker Punch","Deflect"],"picked":"SKIP","floor":22},{"not_picked":["Sucker Punch","Deflect"],"picked":"Terror","floor":22},{"not_picked":["Outmaneuver","Poisoned Stab"],"picked":"Backflip","floor":24},{"not_picked":["Endless Agony+1","Quick Slash"],"picked":"PiercingWail","floor":25},{"not_picked":["Poisoned Stab","Deadly Poison"],"picked":"Expertise","floor":28},{"not_picked":["Bullet Time","Backstab"],"picked":"Underhanded Strike","floor":31}],"player_experience":1139603,"relics_obtained":[{"floor":6.0,"key":"The Courier"},{"floor":8.0,"key":"Blood Vial"},{"floor":9.0,"key":"InkBottle"},{"floor":25,"key":"Pantograph"},{"floor":31,"key":"Art of War"}],"event_choices":[{"damage_healed":0.0,"max_hp_gain":0.0,"max_hp_loss":0.0,"gold_gain":75.0,"event_name":"World of Goop","player_choice":"Gather Gold","floor":2.0,"gold_loss":0.0,"damage_taken":11.0},{"damage_healed":0,"gold_gain":0,"player_choice":"Bought 2 Potions","damage_taken":0,"max_hp_gain":0,"max_hp_loss":0,"event_name":"The Woman in Blue","floor":11,"gold_loss":0},{"damage_healed":0,"gold_gain":0,"player_choice":"Read","damage_taken":0,"max_hp_gain":0,"max_hp_loss":0,"event_name":"The Library","floor":19,"gold_loss":0,"cards_obtained":["Backflip"]},{"damage_healed":0,"gold_gain":50,"player_choice":"Stole From Cult","damage_taken":0,"max_hp_gain":0,"max_hp_loss":0,"event_name":"Nest","floor":29,"gold_loss":0}],"is_beta":false,"boss_relics":[{"not_picked":["Snecko Eye","Busted Crown"],"picked":"Runic Dome"}],"items_purged_floors":[21,30],"is_endless":false,"potions_floor_spawned":[1,14,16,18,25,31],"killed_by":"Collector","ascension_level":20}