{"gold_per_floor":[118,118,133,133,133,169,169,194,265,305,305,26,26,49,49,139,139,162,176,176,52,65,104,118,152,198,231,231,254,275,225,225,316,316,334,357,307,323,336,370,370,403,454,454,479,479,103,103,103,103,103,103,103,3,42,42],"floor_reached":56,"playtime":3929,"items_purged":["Strike_G","Pain","Strike_G","Defend_G","Defend_G"],"score":2525,"play_id":"cea4b8b0-7494-4358-8ab2-3fb9c016a967","local_time":"20220910032038","is_ascension_mode":true,"campfire_choices":[{"data":"Blade Dance","floor":7.0,"key":"SMITH"},{"data":"Blade Dance","floor":11.0,"key":"SMITH"},{"data":"Blade Dance","floor":15.0,"key":"SMITH"},{"data":"Strike_G","floor":28,"key":"PURGE"},{"data":"Strike_G","floor":32,"key":"PURGE"},{"data":"Strike_G","floor":41,"key":"PURGE"},{"data":"Regret","floor":44,"key":"PURGE"},{"data":"Accuracy","floor":46,"key":"PURGE"},{"floor":49,"key":"RECALL"},{"data":"Writhe","floor":53,"key":"PURGE"}],"neow_cost":"PERCENT_DAMAGE","seed_source_timestamp":0,"circlet_count":0,"master_deck":["AscendersBane","Defend_G","Defend_G","Defend_G","Survivor","Neutralize+1","Blade Dance+1","Blade Dance+1","Blade Dance+1","Malaise","Concentrate","Well Laid Plans","Crippling Poison","PiercingWail+1","Adrenaline+1","Acrobatics+1","Concentrate+1","Backflip+1","Blade Dance+1","Leg Sweep+1","Blade Dance+1"],"special_seed":0,"relics":["Ring of the Snake","Dead Branch","Golden Idol","Ancient Tea Set","Paper Crane","Smiling Mask","Shuriken","Cursed Key","Ornamental Fan","Toxic Egg 2","Peace Pipe","Coffee Dripper","PreservedInsect","Gremlin Horn","Bag of Preparation","Calipers","Whetstone"],"potions_floor_usage":[56,56],"damage_taken":[{"damage":3.0,"enemies":"Jaw Worm","floor":1.0,"turns":7.0},{"damage":7.0,"enemies":"Small Slimes","floor":3.0,"turns":2.0},{"damage":8.0,"enemies":"Gremlin Nob","floor":6.0,"turns":3.0},{"damage":0.0,"enemies":"2 Louse","floor":8.0,"turns":2.0},{"damage":5.0,"enemies":"3 Sentries","floor":10.0,"turns":6.0},{"damage":0.0,"enemies":"Looter","floor":14.0,"turns":2.0},{"damage":0.0,"enemies":"Slime Boss","floor":16.0,"turns":2.0},{"damage":6.0,"enemies":"2 Thieves","floor":18.0,"turns":2.0},{"damage":0.0,"enemies":"3 Byrds","floor":19.0,"turns":5.0},{"damage":0,"enemies":"Cultist and Chosen","floor":22,"turns":3},{"damage":7,"enemies":"Book of Stabbing","floor":23,"turns":4},{"damage":1,"enemies":"3 Cultists","floor":24,"turns":3},{"damage":0,"enemies":"Slavers","floor":25,"turns":3},{"damage":17,"enemies":"Gremlin Leader","floor":27,"turns":5},{"damage":2,"enemies":"Snecko","floor":29,"turns":5},{"damage":1,"enemies":"Sentry and Sphere","floor":30,"turns":2},{"damage":0,"enemies":"Collector","floor":33,"turns":2},{"damage":0,"enemies":"3 Darklings","floor":35,"turns":2},{"damage":0,"enemies":"Orb Walker","floor":36,"turns":2},{"damage":0,"enemies":"Jaw Worm Horde","floor":38,"turns":2},{"damage":59,"enemies":"Transient","floor":39,"turns":6},{"damage":0,"enemies":"Nemesis","floor":40,"turns":3},{"damage":0,"enemies":"Giant Head","floor":42,"turns":1},{"damage":0,"enemies":"Writhing Mass","floor":45,"turns":2},{"damage":0,"enemies":"Donu and Deca","floor":50,"turns":3},{"damage":0,"enemies":"Awakened One","floor":51,"turns":3},{"damage":4,"enemies":"Shield and Spear","floor":55,"turns":3},{"damage":49,"enemies":"The Heart","floor":56,"turns":5}],"seed_played":"-6211743403562724448","potions_obtained":[{"floor":3.0,"key":"LiquidMemories"},{"floor":6.0,"key":"BlessingOfTheForge"},{"floor":13.0,"key":"FairyPotion"},{"floor":13.0,"key":"SneckoOil"},{"floor":14.0,"key":"PowerPotion"},{"floor":16.0,"key":"FearPotion"},{"floor":42,"key":"AttackPotion"}],"is_trial":false,"path_per_floor":["M","?","M","?","?","E","R","M","T","E","R","$","?","M","R","B",null,"M","M","?","$","M","E","M","E","T","E","R","M","M","$","R","B",null,"M","M","$","M","M","E","R","E","T","R","M","R","$","?","R","B","B",null,"R","$","E","B"],"character_chosen":"THE_SILENT","items_purchased":["Shuriken","Accuracy","Calipers","Blade Dance+1"],"campfire_rested":0,"item_purchase_floors":[12,21,47,54],"current_hp_per_floor":[41,41,34,34,34,26,26,26,26,21,21,21,21,21,21,21,50,44,44,44,44,44,37,36,36,36,19,19,17,16,16,16,16,49,49,49,49,49,18,18,18,18,18,18,18,18,18,30,30,30,30,53,53,53,49,0],"gold":42,"neow_bonus":"ONE_RARE_RELIC","is_prod":false,"is_daily":false,"chose_seed":false,"campfire_upgraded":3,"win_rate":0,"timestamp":1662794438,"path_taken":["M","?","M","?","?","E","R","M","T","E","R","$","?","M","R","BOSS","M","?","?","?","M","E","M","E","T","E","R","M","?","$","R","BOSS","M","M","$","M","M","E","R","E","T","R","M","R","$","?","R","BOSS","BOSS","R","$","E","BOSS"],"build_version":"2022-03-07","purchased_purges":5,"victory":false,"max_hp_per_floor":[66,66,66,66,60,60,60,60,60,60,60,60,60,60,60,60,60,60,60,60,60,60,60,60,60,60,60,60,60,60,60,60,60,60,60,60,60,60,60,60,60,60,60,60,60,60,60,60,60,60,60,60,60,60,60,60],"relic_stats":{"Calipers":[157],"Gremlin Horn":[5,5],"counters":[28,90],"Golden Idol":186,"Dead Branch":[468],"PreservedInsect":207,"Bag of Preparation":[10],"Whetstone":["Neutralize"],"Ancient Tea Set":[18],"Smiling Mask":375,"Cursed Key":2,"Peace Pipe":6,"Shuriken":[136],"Ornamental Fan":[444],"obtain_stats":[{"Calipers":47,"Gremlin Horn":42,"Golden Idol":5,"Dead Branch":0,"PreservedInsect":40,"Bag of Preparation":43,"Whetstone":55,"Paper Crane":9,"Ancient Tea Set":6,"Smiling Mask":10,"Cursed Key":17,"Peace Pipe":27,"Shuriken":12,"Ornamental Fan":23,"Coffee Dripper":34,"Toxic Egg 2":25,"Ring of the Snake":0},{"Calipers":24,"Gremlin Horn":23,"Golden Idol":2,"Dead Branch":0,"PreservedInsect":22,"Bag of Preparation":23,"Whetstone":27,"Paper Crane":4,"Ancient Tea Set":3,"Smiling Mask":5,"Cursed Key":7,"Peace Pipe":14,"Shuriken":5,"Ornamental Fan":11,"Coffee Dripper":17,"Toxic Egg 2":13,"Ring of the Snake":0},{"Calipers":76,"Gremlin Horn":74,"Golden Idol":9,"Dead Branch":0,"PreservedInsect":73,"Bag of Preparation":74,"Whetstone":85,"Paper Crane":14,"Ancient Tea Set":12,"Smiling Mask":20,"Cursed Key":24,"Peace Pipe":49,"Shuriken":20,"Ornamental Fan":38,"Coffee Dripper":58,"Toxic Egg 2":44,"Ring of the Snake":0}],"Ring of the Snake":[56]},"card_choices":[{"not_picked":["Flying Knee","Quick Slash"],"picked":"Blade Dance","floor":1.0},{"not_picked":["Dagger Spray","Slice"],"picked":"Blade Dance","floor":3.0},{"not_picked":["Distraction","Slice"],"picked":"Blade Dance","floor":6.0},{"not_picked":["Flying Knee","Eviscerate","Poisoned Stab"],"picked":"SKIP","floor":8.0},{"not_picked":["Flying Knee","Eviscerate","Poisoned Stab"],"picked":"SKIP","floor":8.0},{"not_picked":["Unload","Dash","Quick Slash"],"picked":"SKIP","floor":10.0},{"not_picked":["Underhanded Strike","Poisoned Stab","Heel Hook"],"picked":"SKIP","floor":14.0},{"not_picked":["Underhanded Strike","Poisoned Stab","Heel Hook"],"picked":"SKIP","floor":14.0},{"not_picked":["Storm of Steel","Die Die Die"],"picked":"Malaise","floor":16.0},{"not_picked":["Caltrops","Cloak And Dagger"],"picked":"Concentrate","floor":18.0},{"not_picked":["PiercingWail","Cloak And Dagger"],"picked":"Well Laid Plans","floor":19.0},{"not_picked":["Well Laid Plans","Blade Dance","Underhanded Strike"],"picked":"SKIP","floor":22},{"not_picked":["Catalyst","Dagger Throw"],"picked":"Crippling Poison","floor":23},{"not_picked":["Dagger Throw","Burst","Flying Knee"],"picked":"SKIP","floor":24},{"not_picked":["Deflect+1","Acrobatics+1"],"picked":"PiercingWail+1","floor":25},{"not_picked":["Outmaneuver+1","Skewer","Expertise+1"],"picked":"SKIP","floor":27},{"not_picked":["Dodge and Roll+1","Doppelganger+1","Flying Knee"],"picked":"SKIP","floor":29},{"not_picked":["Outmaneuver+1","Bane","Quick Slash"],"picked":"SKIP","floor":30},{"not_picked":["Burst+1","Night Terror+1"],"picked":"Adrenaline+1","floor":33},{"not_picked":["Poisoned Stab","Noxious Fumes","Flying Knee+1"],"picked":"SKIP","floor":35},{"not_picked":["Terror+1","Infinite Blades"],"picked":"Acrobatics+1","floor":36},{"not_picked":["Dash","Bane+1"],"picked":"Concentrate+1","floor":38},{"not_picked":["All Out Attack","Quick Slash"],"picked":"Backflip+1","floor":39},{"not_picked":["Poisoned Stab+1","Dagger Throw+1"],"picked":"Blade Dance+1","floor":40},{"not_picked":["Outmaneuver+1","Reflex+1","Grand Finale"],"picked":"SKIP","floor":42},{"not_picked":["Outmaneuver+1","Reflex+1","Grand Finale"],"picked":"SKIP","floor":42},{"not_picked":["Heel Hook","Underhanded Strike"],"picked":"Leg Sweep+1","floor":45},{"not_picked":["Eviscerate+1","Poisoned Stab","Tactician+1"],"picked":"SKIP","floor":55}],"player_experience":1139324,"relics_obtained":[{"floor":6.0,"key":"Ancient Tea Set"},{"floor":9.0,"key":"Paper Crane"},{"floor":10.0,"key":"Smiling Mask"},{"floor":23,"key":"Ornamental Fan"},{"floor":25,"key":"Toxic Egg 2"},{"floor":27,"key":"Peace Pipe"},{"floor":40,"key":"PreservedInsect"},{"floor":42,"key":"Gremlin Horn"},{"floor":43,"key":"Bag of Preparation"},{"floor":55,"key":"Whetstone"}],"event_choices":[{"damage_healed":0.0,"max_hp_gain":0.0,"max_hp_loss":0.0,"gold_gain":0.0,"event_name":"Scrap Ooze","player_choice":"Fled","floor":2.0,"gold_loss":0.0,"damage_taken":0.0},{"damage_healed":0.0,"max_hp_gain":0.0,"max_hp_loss":0.0,"gold_gain":0.0,"event_name":"Liars Game","player_choice":"Ignored","floor":4.0,"gold_loss":0.0,"damage_taken":0.0},{"damage_healed":0.0,"max_hp_gain":0.0,"max_hp_loss":6.0,"gold_gain":0.0,"event_name":"Golden Idol","player_choice":"Lose Max HP","floor":5.0,"gold_loss":0.0,"damage_taken":0.0,"relics_obtained":["Golden Idol"]},{"damage_healed":0.0,"max_hp_gain":0.0,"max_hp_loss":0.0,"gold_gain":0.0,"event_name":"Lab","player_choice":"Got Potions","floor":13.0,"gold_loss":0.0,"damage_taken":0.0},{"damage_healed":0.0,"max_hp_gain":0.0,"max_hp_loss":0.0,"gold_gain":0.0,"event_name":"Cursed Tome","player_choice":"Ignored","floor":20.0,"gold_loss":0.0,"damage_taken":0.0},{"damage_healed":12,"gold_gain":0,"player_choice":"Writhe","damage_taken":0,"max_hp_gain":0,"max_hp_loss":0,"event_name":"Winding Halls","floor":48,"gold_loss":0,"cards_obtained":["Writhe"]}],"is_beta":false,"boss_relics":[{"not_picked":["Sozu","Ectoplasm"],"picked":"Cursed Key"},{"not_picked":["Empty Cage","Calling Bell"],"picked":"Coffee Dripper"}],"items_purged_floors":[21,31,37,47,54],"is_endless":false,"potions_floor_spawned":[3,6,14,16,18,22,25,29,35,38,42],"killed_by":"The Heart","ascension_level":20}