{"gold_per_floor":[114,114,127,137,137,164,164,176,231,250,277,257,257,290,290,369,369,389,401,177,190,203,232,232,232,232,232,262,262,362,393,393,472,472,482,537,537,609,46,76,76,88,164,189,189,223,242,272,272,272,272],"floor_reached":52,"playtime":5254,"items_purged":[],"score":2403,"play_id":"542422f6-bd45-4cc1-bccd-c8d8ef058d54","local_time":"20221213214211","daily_mods":["SealedDeck","Diverse"],"is_ascension_mode":true,"campfire_choices":[{"data":"ForeignInfluence","floor":7,"key":"SMITH"},{"data":"Armaments","floor":13,"key":"SMITH"},{"data":"Acrobatics","floor":15,"key":"SMITH"},{"floor":25,"key":"REST"},{"data":"Acrobatics","floor":27,"key":"SMITH"},{"floor":32,"key":"REST"},{"data":"Tactician","floor":41,"key":"SMITH"},{"floor":45,"key":"DIG"},{"data":"Hologram","floor":49,"key":"SMITH"}],"neow_cost":"","seed_source_timestamp":0,"circlet_count":0,"master_deck":["AscendersBane","Rage","ForeignInfluence+1","Go for the Eyes","Armaments+1","Sweeping Beam","Backflip","Sword Boomerang","Spot Weakness","Prostrate","Predator","Acrobatics+1","Protect","Deflect","Limit Break","Acrobatics+1","Machine Learning","JustLucky","CutThroughFate+1","Slice","Burning Pact","InnerPeace+1","Tactician+1","TalkToTheHand","Madness","Madness","Escape Plan","Turbo","Acrobatics+1","Master of Strategy","Prepared","Hologram+1","All For One","Consecrate+1"],"relics":["Ring of the Snake","Kunai","Oddly Smooth Stone","Bronze Scales","Sundial","HoveringKite","Medical Kit","Art of War","Singing Bowl","Anchor","InkBottle","Shuriken","Runic Dome","Shovel","White Beast Statue","DollysMirror","Bag of Marbles","Frozen Egg 2","Gambling Chip","Incense Burner","Dream Catcher","Prayer Wheel"],"potions_floor_usage":[16,23,30,31,31,33,36,51],"damage_taken":[{"damage":2,"enemies":"Small Slimes","floor":1,"turns":3},{"damage":0,"enemies":"Cultist","floor":3,"turns":2},{"damage":0,"enemies":"Jaw Worm","floor":4,"turns":3},{"damage":9,"enemies":"3 Sentries","floor":6,"turns":4},{"damage":0,"enemies":"Lots of Slimes","floor":8,"turns":3},{"damage":0,"enemies":"2 Fungi Beasts","floor":10,"turns":2},{"damage":10,"enemies":"Lagavulin","floor":11,"turns":8},{"damage":14,"enemies":"Gremlin Nob","floor":14,"turns":3},{"damage":4,"enemies":"The Guardian","floor":16,"turns":9},{"damage":0,"enemies":"Chosen","floor":18,"turns":4},{"damage":7,"enemies":"2 Thieves","floor":19,"turns":2},{"damage":0,"enemies":"Sentry and Sphere","floor":21,"turns":4},{"damage":4,"enemies":"Chosen and Byrds","floor":22,"turns":7},{"damage":19,"enemies":"Slavers","floor":23,"turns":4},{"damage":3,"enemies":"Book of Stabbing","floor":28,"turns":3},{"damage":1,"enemies":"Colosseum Slavers","floor":30,"turns":3},{"damage":0,"enemies":"Colosseum Nobs","floor":30,"turns":2},{"damage":28,"enemies":"Slavers","floor":31,"turns":6},{"damage":0,"enemies":"Collector","floor":33,"turns":4},{"damage":0,"enemies":"Orb Walker","floor":35,"turns":3},{"damage":10,"enemies":"2 Orb Walkers","floor":36,"turns":4},{"damage":0,"enemies":"Reptomancer","floor":40,"turns":4},{"damage":0,"enemies":"3 Shapes","floor":42,"turns":7},{"damage":0,"enemies":"Mind Bloom Boss Battle","floor":44,"turns":3},{"damage":0,"enemies":"Nemesis","floor":46,"turns":3},{"damage":0,"enemies":"Writhing Mass","floor":47,"turns":3},{"damage":0,"enemies":"Reptomancer","floor":48,"turns":2},{"damage":0,"enemies":"Donu and Deca","floor":50,"turns":1},{"damage":23,"enemies":"Time Eater","floor":51,"turns":9}],"seed_played":"391898828688006087","potions_obtained":[{"floor":4,"key":"Weak Potion"},{"floor":6,"key":"DuplicationPotion"},{"floor":12,"key":"EntropicBrew"},{"floor":18,"key":"FearPotion"},{"floor":19,"key":"Explosive Potion"},{"floor":23,"key":"Energy Potion"},{"floor":31,"key":"DistilledChaos"},{"floor":40,"key":"Block Potion"}],"is_trial":true,"path_per_floor":["M","?","M","M","?","E","R","M","T","M","E","?","R","E","R","B",null,"M","M","$","M","M","E","?","R","T","R","E","?","?","E","R","B",null,"M","?","?","T","$","E","R","M","T","?","R","E","M","E","R","B","B",null],"character_chosen":"THE_SILENT","items_purchased":["JustLucky","Medical Kit","Escape Plan","Turbo","DollysMirror","SpeedPotion","Master of Strategy"],"campfire_rested":2,"item_purchase_floors":[20,20,39,39,39,39,39],"current_hp_per_floor":[57,57,57,57,57,48,48,48,48,48,38,38,38,24,24,20,55,55,48,48,48,44,25,25,44,44,44,43,43,42,14,34,36,62,62,54,41,41,41,43,43,43,43,43,43,45,45,45,45,45,22],"gold":272,"neow_bonus":"","is_prod":false,"is_daily":false,"chose_seed":false,"campfire_upgraded":6,"win_rate":0,"timestamp":1670985731,"path_taken":["M","?","M","M","?","E","R","M","T","?","E","?","R","E","R","BOSS","M","?","$","M","M","E","?","R","T","R","E","?","?","E","R","BOSS","M","?","?","?","$","E","R","M","T","?","R","E","M","E","R","BOSS","BOSS"],"build_version":"2022-12-01","purchased_purges":0,"victory":true,"max_hp_per_floor":[66,66,66,66,66,66,66,66,66,66,66,66,66,66,66,66,66,66,66,66,66,66,66,66,66,66,66,68,68,68,68,68,70,70,70,72,72,72,72,74,74,74,74,74,74,76,76,76,76,76,76],"card_choices":[{"not_picked":["Leap","ThirdEye"],"picked":"Predator","floor":1},{"not_picked":["Evaluate","DeceiveReality"],"picked":"Acrobatics","floor":3},{"not_picked":["Body Slam","BowlingBash","Dagger Spray"],"picked":"SKIP","floor":4},{"not_picked":["Shrug It Off","Predator"],"picked":"Protect","floor":6},{"not_picked":["Wild Strike","SashWhip"],"picked":"Deflect","floor":8},{"not_picked":["Conclude","Clash","FlyingSleeves"],"picked":"SKIP","floor":10},{"not_picked":["Infernal Blade","EmptyFist"],"picked":"Limit Break","floor":11},{"not_picked":["CrushJoints","Combust"],"picked":"Acrobatics","floor":14},{"not_picked":["Rainbow","Omniscience"],"picked":"Machine Learning","floor":16},{"not_picked":["SashWhip","Sever Soul","Heel Hook"],"picked":"SKIP","floor":18},{"not_picked":["Vengeance","FearNoEvil","Chill+1"],"picked":"SKIP","floor":19},{"not_picked":["Vengeance","FearNoEvil","Chill+1"],"picked":"SKIP","floor":19},{"not_picked":["Reinforced Body","Sweeping Beam"],"picked":"CutThroughFate+1","floor":21},{"not_picked":["Glacier","Redo"],"picked":"Slice","floor":22},{"not_picked":["SashWhip+1","True Grit","LessonLearned"],"picked":"SKIP","floor":23},{"not_picked":["Wild Strike","Cleave","Deadly Poison"],"picked":"Singing Bowl","floor":28},{"not_picked":["Cleave","Battle Trance"],"picked":"InnerPeace+1","floor":30},{"not_picked":["Judgement","Brilliance"],"picked":"Tactician","floor":31},{"not_picked":["Grand Finale","Corpse Explosion","SpiritShield"],"picked":"Singing Bowl","floor":33},{"not_picked":["Bane","Go for the Eyes"],"picked":"TalkToTheHand","floor":35},{"not_picked":["Terror","Reckless Charge","Skewer"],"picked":"Singing Bowl","floor":36},{"not_picked":["Reinforced Body","Collect+1","Vengeance"],"picked":"Singing Bowl","floor":40},{"not_picked":["Conclude","Static Discharge"],"picked":"Prepared","floor":42},{"not_picked":["Swivel","Body Slam+1"],"picked":"Hologram","floor":44},{"not_picked":["Pommel Strike","Bane","EmptyBody"],"picked":"Singing Bowl","floor":46},{"not_picked":["ThirdEye","Chaos"],"picked":"All For One","floor":47},{"not_picked":["Havoc+1","Catalyst"],"picked":"Consecrate+1","floor":48}],"player_experience":1283143,"relics_obtained":[{"floor":6,"key":"Kunai"},{"floor":9,"key":"Oddly Smooth Stone"},{"floor":11,"key":"Bronze Scales"},{"floor":14,"key":"Sundial"},{"floor":23,"key":"Art of War"},{"floor":26,"key":"Singing Bowl"},{"floor":28,"key":"Anchor"},{"floor":30,"key":"InkBottle"},{"floor":31,"key":"Shuriken"},{"floor":36,"key":"Shovel"},{"floor":38,"key":"White Beast Statue"},{"floor":40,"key":"Bag of Marbles"},{"floor":43,"key":"Frozen Egg 2"},{"floor":44,"key":"Gambling Chip"},{"floor":45,"key":"Incense Burner"},{"floor":46,"key":"Dream Catcher"},{"floor":48,"key":"Prayer Wheel"}],"event_choices":[{"damage_healed":0,"gold_gain":0,"player_choice":"Ignored","damage_taken":0,"max_hp_gain":0,"max_hp_loss":0,"event_name":"Liars Game","floor":2,"gold_loss":0},{"damage_healed":0,"gold_gain":0,"player_choice":"Ignored","damage_taken":0,"max_hp_gain":0,"max_hp_loss":0,"event_name":"Purifier","floor":5,"gold_loss":0},{"damage_healed":0,"gold_gain":0,"player_choice":"Bought 1 Potion","damage_taken":0,"max_hp_gain":0,"max_hp_loss":0,"event_name":"The Woman in Blue","floor":12,"gold_loss":0},{"cards_removed":["Gash"],"damage_healed":0,"gold_gain":0,"player_choice":"Elegance","damage_taken":0,"max_hp_gain":0,"max_hp_loss":0,"event_name":"Back to Basics","floor":24,"gold_loss":0},{"damage_healed":0,"gold_gain":0,"player_choice":"Read","damage_taken":0,"max_hp_gain":0,"max_hp_loss":0,"event_name":"The Library","floor":29,"gold_loss":0,"cards_obtained":["Burning Pact"]},{"damage_healed":0,"gold_gain":0,"player_choice":"Fight","damage_taken":0,"max_hp_gain":0,"max_hp_loss":0,"event_name":"Colosseum","floor":30,"gold_loss":0},{"damage_healed":0,"gold_gain":0,"player_choice":"Fought Nobs","damage_taken":0,"max_hp_gain":0,"max_hp_loss":0,"event_name":"Colosseum","floor":30,"gold_loss":0},{"damage_healed":0,"gold_gain":0,"player_choice":"Fight","damage_taken":0,"max_hp_gain":0,"max_hp_loss":0,"event_name":"Mysterious Sphere","floor":36,"gold_loss":0},{"damage_healed":0,"gold_gain":0,"player_choice":"Embrace Madness","damage_taken":13,"max_hp_gain":0,"max_hp_loss":0,"event_name":"Winding Halls","floor":37,"gold_loss":0,"cards_obtained":["Madness","Madness"]},{"damage_healed":0,"gold_gain":0,"player_choice":"Fight","damage_taken":0,"max_hp_gain":0,"max_hp_loss":0,"event_name":"MindBloom","floor":44,"gold_loss":0}],"is_beta":false,"boss_relics":[{"not_picked":["Astrolabe","Black Star"],"picked":"HoveringKite"},{"not_picked":["Busted Crown","Coffee Dripper"],"picked":"Runic Dome"}],"items_purged_floors":[],"is_endless":false,"potions_floor_spawned":[4,6,10,11,14,18,19,23,28,31,40,42,44,46,47,48],"ascension_level":20}