{"gold_per_floor":[117,134,39,39,56,56,56,56,56,73,85,85,119,131,131,205,205,217,266,300,1,14,14,41,54,54,54,54],"floor_reached":28,"playtime":1056,"items_purged":[],"score":476,"play_id":"063e4d9a-a0fa-4bc2-bae1-836766999edd","local_time":"20221219004326","is_ascension_mode":true,"campfire_choices":[{"data":"Bouncing Flask","floor":6.0,"key":"SMITH"},{"data":"Dagger Throw","floor":8.0,"key":"SMITH"},{"floor":15.0,"key":"REST"},{"floor":23.0,"key":"REST"},{"data":"Venomology","floor":27,"key":"SMITH"}],"neow_cost":"NONE","seed_source_timestamp":2742217197300,"circlet_count":0,"master_deck":["AscendersBane","Survivor+1","Neutralize+1","Dagger Throw+1","Bouncing Flask+1","Flash of Steel+1","Endless Agony","Well Laid Plans+1","Bane","Deadly Poison","Malaise","Flechettes","Venomology+1","Finisher","Catalyst","Flying Knee","Doppelganger","Die Die Die","All Out Attack","Choke","Masterful Stab","Deflect","Dash"],"special_seed":0,"relics":["Ring of the Snake","Orichalcum","The Specimen","Pandora\u0027s Box","Anchor","Red Mask","Potion Belt","Singing Bowl"],"potions_floor_usage":[28],"damage_taken":[{"damage":4.0,"enemies":"Small Slimes","floor":1.0,"turns":4.0},{"damage":0.0,"enemies":"2 Louse","floor":2.0,"turns":3.0},{"damage":4.0,"enemies":"Cultist","floor":5.0,"turns":3.0},{"damage":3.0,"enemies":"Blue Slaver","floor":10.0,"turns":2.0},{"damage":0.0,"enemies":"Exordium Wildlife","floor":11.0,"turns":2.0},{"damage":7.0,"enemies":"Lagavulin","floor":13.0,"turns":7.0},{"damage":4.0,"enemies":"Gremlin Gang","floor":14.0,"turns":5.0},{"damage":13.0,"enemies":"Hexaghost","floor":16.0,"turns":8.0},{"damage":25.0,"enemies":"Shell Parasite","floor":18.0,"turns":4.0},{"damage":6.0,"enemies":"Masked Bandits","floor":20.0,"turns":3.0},{"damage":5.0,"enemies":"2 Thieves","floor":22.0,"turns":3.0},{"damage":4.0,"enemies":"Slavers","floor":24.0,"turns":4.0},{"damage":0.0,"enemies":"Centurion and Healer","floor":25.0,"turns":4.0},{"damage":36,"enemies":"Shelled Parasite and Fungi","floor":28,"turns":6}],"seed_played":"6539028172808860239","potions_obtained":[{"floor":2.0,"key":"Weak Potion"},{"floor":11.0,"key":"SkillPotion"},{"floor":14.0,"key":"FearPotion"},{"floor":22.0,"key":"Explosive Potion"}],"is_trial":false,"path_per_floor":["M","M","$","?","M","R","?","R","T","M","M","?","E","M","R","B",null,"M","T","?","$","M","R","E","M","T","R","M"],"character_chosen":"THE_SILENT","items_purchased":["Flash of Steel","Potion Belt","Deflect","DistilledChaos"],"campfire_rested":2,"item_purchase_floors":[3,21,21,21],"current_hp_per_floor":[55,55,55,35,31,31,31,31,31,28,28,28,21,17,36,23,55,30,30,24,24,19,38,36,38,38,38,2],"gold":54,"neow_bonus":"UPGRADE_CARD","is_prod":false,"is_daily":false,"chose_seed":false,"campfire_upgraded":3,"win_rate":0,"timestamp":1671428606,"path_taken":["M","M","$","?","M","R","?","R","T","M","M","?","E","M","R","BOSS","M","?","?","$","M","R","E","?","T","R","?"],"build_version":"2022-12-01","purchased_purges":0,"victory":false,"max_hp_per_floor":[66,66,66,66,66,66,66,66,66,66,66,66,66,66,66,66,66,66,66,66,66,66,66,68,70,70,70,70],"relic_stats":{"The Specimen":[17],"Singing Bowl":4,"counters":[14,57],"Pandora\u0027s Box":["Flechettes","Venomology","Finisher","Catalyst","Flying Knee","Doppelganger","Die Die Die","All Out Attack","Choke","Masterful Stab"],"Orichalcum":[120],"obtain_stats":[{"Potion Belt":21,"Anchor":19,"The Specimen":13,"Singing Bowl":24,"Pandora\u0027s Box":17,"Red Mask":20,"Orichalcum":9,"Ring of the Snake":0},{"Potion Belt":10,"Anchor":9,"The Specimen":6,"Singing Bowl":12,"Pandora\u0027s Box":8,"Red Mask":10,"Orichalcum":3,"Ring of the Snake":0},{"Potion Belt":41,"Anchor":38,"The Specimen":21,"Singing Bowl":48,"Pandora\u0027s Box":34,"Red Mask":41,"Orichalcum":10,"Ring of the Snake":0}],"Ring of the Snake":[29]},"card_choices":[{"not_picked":["Dodge and Roll","Riddle With Holes"],"picked":"Dagger Throw","floor":1.0},{"not_picked":["Catalyst","Reflex"],"picked":"Bouncing Flask","floor":2.0},{"not_picked":["Riddle With Holes","Sucker Punch"],"picked":"Endless Agony","floor":5.0},{"not_picked":["Deflect","Sucker Punch","Dagger Throw"],"picked":"SKIP","floor":10.0},{"not_picked":["PiercingWail","Backflip"],"picked":"Well Laid Plans","floor":11.0},{"not_picked":["Accuracy","Underhanded Strike"],"picked":"Bane","floor":13.0},{"not_picked":["Quick Slash","Prepared"],"picked":"Deadly Poison","floor":14.0},{"not_picked":["Wraith Form v2","Bullet Time"],"picked":"Malaise","floor":16.0},{"not_picked":["Flechettes","Quick Slash","Deadly Poison"],"picked":"SKIP","floor":18.0},{"not_picked":["Prepared","PiercingWail"],"picked":"Dash","floor":22.0},{"not_picked":["Bouncing Flask+1","Dash","Deadly Poison+1"],"picked":"Singing Bowl","floor":24.0},{"not_picked":["Slice","Deadly Poison","Terror"],"picked":"Singing Bowl","floor":25.0}],"player_experience":1316885,"relics_obtained":[{"floor":9.0,"key":"Orichalcum"},{"floor":13.0,"key":"The Specimen"},{"floor":19.0,"key":"Anchor"},{"floor":20.0,"key":"Red Mask"},{"floor":24.0,"key":"Singing Bowl"}],"event_choices":[{"damage_healed":0.0,"max_hp_gain":0.0,"max_hp_loss":0.0,"gold_gain":0.0,"event_name":"Shining Light","player_choice":"Entered Light","floor":4.0,"gold_loss":0.0,"damage_taken":20.0,"cards_upgraded":["Flash of Steel","Survivor"]},{"damage_healed":0.0,"max_hp_gain":0.0,"max_hp_loss":0.0,"gold_gain":0.0,"event_name":"Dead Adventurer","player_choice":"Searched \u00270\u0027 times","floor":7.0,"gold_loss":0.0,"damage_taken":0.0},{"damage_healed":0.0,"max_hp_gain":0.0,"max_hp_loss":0.0,"gold_gain":0.0,"event_name":"Accursed Blacksmith","player_choice":"Forge","floor":12.0,"gold_loss":0.0,"damage_taken":0.0,"cards_upgraded":["Well Laid Plans"]},{"damage_healed":0.0,"max_hp_gain":0.0,"max_hp_loss":0.0,"gold_gain":0.0,"event_name":"Masked Bandits","player_choice":"Fought Bandits","floor":20.0,"gold_loss":0.0,"damage_taken":0.0}],"is_beta":false,"boss_relics":[{"not_picked":["WristBlade","Coffee Dripper"],"picked":"Pandora\u0027s Box"}],"items_purged_floors":[],"is_endless":false,"potions_floor_spawned":[2,11,14,22],"killed_by":"Shelled Parasite and Fungi","ascension_level":20}