{"gold_per_floor":[113,132,148,148,148,182,182,215,242,242,14,27,61,77,77,166,166,184,184,184,218,218,218,261,300,353,124,182,107,168,213,213,332,332,405,155,155,1154,853,853,916,1138,1138,1182,804,804,854,869,869,869,869,869,869,519,552,552],"floor_reached":57,"playtime":3962,"items_purged":["Strike_G","Defend_G","Bite","Masterful Stab","HandOfGreed","Bite"],"score":3085,"play_id":"e46d87cc-9e63-46d8-a572-dbb7a1256a92","local_time":"20221219014946","is_ascension_mode":true,"campfire_choices":[{"data":"Apotheosis","floor":7,"key":"SMITH"},{"data":"Blade Dance","floor":10,"key":"SMITH"},{"floor":15,"key":"REST"},{"floor":23,"key":"REST"},{"data":"Footwork","floor":32,"key":"SMITH"},{"data":"Wraith Form v2","floor":40,"key":"SMITH"},{"floor":46,"key":"RECALL"},{"data":"Noxious Fumes","floor":49,"key":"SMITH"},{"data":"Prepared","floor":53,"key":"SMITH"}],"neow_cost":"TEN_PERCENT_HP_LOSS","seed_source_timestamp":3848051749600,"circlet_count":0,"master_deck":["AscendersBane","Defend_G","Defend_G","Survivor","Neutralize","Apotheosis+1","Poisoned Stab+1","Blade Dance+1","Dodge and Roll","Dash","Prepared+1","Deflect","Grand Finale","Bite","Bite","Riddle With Holes","Outmaneuver+1","Acrobatics","Phantasmal Killer","Concentrate","Reflex","Footwork+1","Acrobatics+1","Backflip","Wraith Form v2+1","Underhanded Strike","Enlightenment","Noxious Fumes+1","Leg Sweep","Backflip","Expertise","Deflect"],"relics":["Ring of the Snake","Golden Idol","Orichalcum","Happy Flower","Anchor","Membership Card","Whetstone","Runic Pyramid","Red Mask","Omamori","MawBank","Bag of Preparation","White Beast Statue","Nunchaku","HoveringKite","Ice Cream","InkBottle","Regal Pillow","Smiling Mask","TheAbacus","Mango","Bag of Marbles","Orrery","Centennial Puzzle","Boot","Pantograph"],"potions_floor_usage":[6,8,13,18,30,33,56],"damage_taken":[{"damage":7,"enemies":"Small Slimes","floor":1,"turns":4},{"damage":4,"enemies":"Jaw Worm","floor":2,"turns":5},{"damage":8,"enemies":"Cultist","floor":3,"turns":4},{"damage":8,"enemies":"Lagavulin","floor":6,"turns":7},{"damage":2,"enemies":"Gremlin Nob","floor":8,"turns":3},{"damage":0,"enemies":"Red Slaver","floor":12,"turns":4},{"damage":7,"enemies":"Lagavulin","floor":13,"turns":6},{"damage":0,"enemies":"3 Louse","floor":14,"turns":3},{"damage":8,"enemies":"The Guardian","floor":16,"turns":13},{"damage":13,"enemies":"3 Byrds","floor":18,"turns":4},{"damage":32,"enemies":"Masked Bandits","floor":21,"turns":4},{"damage":9,"enemies":"Gremlin Leader","floor":24,"turns":7},{"damage":8,"enemies":"Shell Parasite","floor":25,"turns":6},{"damage":12,"enemies":"Book of Stabbing","floor":28,"turns":4},{"damage":15,"enemies":"Slavers","floor":30,"turns":6},{"damage":1,"enemies":"Snake Plant","floor":31,"turns":5},{"damage":0,"enemies":"Champ","floor":33,"turns":7},{"damage":0,"enemies":"3 Shapes","floor":35,"turns":7},{"damage":0,"enemies":"Nemesis","floor":41,"turns":9},{"damage":1,"enemies":"Giant Head","floor":44,"turns":7},{"damage":0,"enemies":"3 Darklings","floor":48,"turns":6},{"damage":3,"enemies":"Donu and Deca","floor":50,"turns":7},{"damage":12,"enemies":"Awakened One","floor":51,"turns":8},{"damage":0,"enemies":"Shield and Spear","floor":55,"turns":5},{"damage":38,"enemies":"The Heart","floor":56,"turns":10}],"seed_played":"7322554982326965682","potions_obtained":[{"floor":2,"key":"DuplicationPotion"},{"floor":6,"key":"FearPotion"},{"floor":13,"key":"AttackPotion"},{"floor":24,"key":"Weak Potion"},{"floor":28,"key":"GhostInAJar"},{"floor":30,"key":"SkillPotion"},{"floor":31,"key":"DuplicationPotion"},{"floor":33,"key":"Block Potion"},{"floor":55,"key":"PowerPotion"}],"is_trial":false,"path_per_floor":["M","M","M","?","?","E","R","E","T","R","$","M","E","M","R","B",null,"M","?","?","?","?","R","E","M","T","$","E","?","E","M","R","B",null,"M","$","?","?","$","R","E","?","T","E","$","R","?","M","R","B","B",null,"R","$","E","B",null],"character_chosen":"THE_SILENT","items_purchased":["Membership Card","ColorlessPotion","Reflex","Footwork","Bag of Preparation","Fire Potion","Ice Cream","Underhanded Strike","InkBottle","Enlightenment","Noxious Fumes","TheAbacus","Mango","Bag of Marbles","Orrery","Expertise","Centennial Puzzle","Boot"],"campfire_rested":2,"item_purchase_floors":[11,11,27,27,27,27,36,36,39,39,39,45,45,45,54,54,54,54],"current_hp_per_floor":[52,48,40,40,45,37,37,35,35,35,35,35,28,28,45,37,54,41,41,41,9,9,21,25,30,30,30,27,27,26,41,41,41,41,41,41,41,41,41,41,41,41,41,40,54,54,54,55,55,55,55,55,55,55,55,41],"gold":552,"neow_bonus":"RANDOM_COLORLESS_2","is_prod":false,"is_daily":false,"chose_seed":false,"campfire_upgraded":6,"win_rate":0,"timestamp":1671432586,"path_taken":["M","M","M","?","?","E","R","E","T","R","?","M","E","?","R","BOSS","M","?","?","?","?","R","E","?","T","$","E","?","E","M","R","BOSS","M","$","?","?","?","R","E","?","T","E","$","R","?","M","R","BOSS","BOSS","R","$","E","BOSS"],"build_version":"2022-12-01","purchased_purges":6,"victory":true,"max_hp_per_floor":[60,60,60,54,59,59,59,59,59,59,59,59,59,59,59,59,59,59,41,41,41,41,41,41,41,41,41,41,41,41,41,41,41,41,41,41,41,41,41,41,41,41,41,41,55,55,55,55,55,55,55,55,55,55,55,55],"relic_stats":{"Ice Cream":[104],"Regal Pillow":0,"Happy Flower":[42],"counters":[25,151],"Golden Idol":195,"HoveringKite":[50],"Omamori":2,"Bag of Preparation":[24],"Whetstone":["Strike_G","Poisoned Stab"],"Orichalcum":[72],"MawBank":12,"Smiling Mask":88,"Boot":[20],"White Beast Statue":[0.0,0.0,0.0,0.4,0.0,0.6000000000000001,0.0,0.0,0.0,0.0,0.0,3.6048],"Nunchaku":[23],"Centennial Puzzle":[3],"TheAbacus":[102],"Pantograph":0,"Membership Card":1660,"obtain_stats":[{"Ice Cream":36,"Regal Pillow":41,"HoveringKite":34,"Mango":45,"Bag of Preparation":27,"Whetstone":13,"Smiling Mask":44,"Boot":54,"Nunchaku":30,"Centennial Puzzle":54,"TheAbacus":45,"Pantograph":55,"Red Mask":21,"InkBottle":39,"Ring of the Snake":0,"Runic Pyramid":17,"Happy Flower":8,"Golden Idol":4,"Omamori":24,"Orichalcum":6,"MawBank":26,"White Beast Statue":28,"Anchor":9,"Orrery":54,"Bag of Marbles":45,"Membership Card":11},{"Ice Cream":18,"Regal Pillow":19,"HoveringKite":17,"Mango":20,"Bag of Preparation":13,"Whetstone":7,"Smiling Mask":20,"Boot":23,"Nunchaku":15,"Centennial Puzzle":23,"TheAbacus":20,"Pantograph":24,"Red Mask":11,"InkBottle":18,"Ring of the Snake":0,"Runic Pyramid":9,"Happy Flower":5,"Golden Idol":3,"Omamori":12,"Orichalcum":4,"MawBank":13,"White Beast Statue":14,"Anchor":5,"Orrery":23,"Bag of Marbles":20,"Membership Card":5},{"Ice Cream":99,"Regal Pillow":108,"HoveringKite":92,"Mango":115,"Bag of Preparation":70,"Whetstone":33,"Smiling Mask":115,"Boot":136,"Nunchaku":80,"Centennial Puzzle":136,"TheAbacus":115,"Pantograph":141,"Red Mask":57,"InkBottle":99,"Ring of the Snake":0,"Runic Pyramid":49,"Happy Flower":23,"Golden Idol":13,"Omamori":64,"Orichalcum":20,"MawBank":70,"White Beast Statue":74,"Anchor":23,"Orrery":136,"Bag of Marbles":115,"Membership Card":23}],"InkBottle":[51],"Ring of the Snake":[50]},"card_choices":[{"not_picked":["The Bomb","Mayhem"],"picked":"Apotheosis","floor":0},{"not_picked":["Flying Knee","Skewer"],"picked":"Poisoned Stab","floor":1},{"not_picked":["Cloak And Dagger","Night Terror"],"picked":"Poisoned Stab","floor":2},{"not_picked":["Acrobatics","Catalyst"],"picked":"Masterful Stab","floor":3},{"not_picked":["Prepared","Finisher"],"picked":"Blade Dance","floor":6},{"not_picked":["Endless Agony","Escape Plan"],"picked":"Dodge and Roll","floor":8},{"not_picked":["Deflect","Poisoned Stab"],"picked":"Dash","floor":12},{"not_picked":["All Out Attack","Cloak And Dagger"],"picked":"Prepared","floor":13},{"not_picked":["Quick Slash","All Out Attack"],"picked":"Deflect","floor":14},{"not_picked":["Envenom","Doppelganger"],"picked":"Grand Finale","floor":16},{"not_picked":["Dagger Spray","Catalyst","Accuracy"],"picked":"SKIP","floor":18},{"not_picked":["Quick Slash","Sucker Punch"],"picked":"Outmaneuver+1","floor":21},{"not_picked":["Dagger Spray","Flechettes"],"picked":"Phantasmal Killer","floor":24},{"not_picked":["Dodge and Roll","Dagger Throw"],"picked":"Concentrate","floor":25},{"not_picked":["Storm of Steel","Noxious Fumes"],"picked":"Acrobatics+1","floor":28},{"not_picked":["Masterful Stab","Acrobatics"],"picked":"Backflip","floor":30},{"not_picked":["Deadly Poison","Acrobatics","Concentrate"],"picked":"SKIP","floor":31},{"not_picked":["Deadly Poison","Acrobatics","Concentrate"],"picked":"SKIP","floor":31},{"not_picked":["Burst","Envenom"],"picked":"Wraith Form v2","floor":33},{"not_picked":["Heel Hook","Crippling Poison","Bane"],"picked":"SKIP","floor":35},{"not_picked":["Escape Plan","Dagger Spray+1","Die Die Die"],"picked":"SKIP","floor":41},{"not_picked":["Accuracy","Quick Slash"],"picked":"Leg Sweep","floor":44},{"not_picked":["Dash","Deflect+1"],"picked":"Backflip","floor":48},{"not_picked":["Heel Hook","Cloak And Dagger"],"picked":"Deflect","floor":54},{"not_picked":["Underhanded Strike","Concentrate","Blade Dance"],"picked":"SKIP","floor":55}],"player_experience":1317941,"relics_obtained":[{"floor":6,"key":"Orichalcum"},{"floor":8,"key":"Happy Flower"},{"floor":9,"key":"Anchor"},{"floor":13,"key":"Whetstone"},{"floor":21,"key":"Red Mask"},{"floor":24,"key":"Omamori"},{"floor":26,"key":"MawBank"},{"floor":28,"key":"White Beast Statue"},{"floor":30,"key":"Nunchaku"},{"floor":41,"key":"Regal Pillow"},{"floor":44,"key":"Smiling Mask"},{"floor":55,"key":"Pantograph"}],"event_choices":[{"damage_healed":0,"gold_gain":0,"player_choice":"Lose Max HP","damage_taken":0,"relics_obtained":["Golden Idol"],"max_hp_gain":0,"max_hp_loss":6,"event_name":"Golden Idol","floor":4,"gold_loss":0},{"damage_healed":0,"gold_gain":0,"player_choice":"Donut","damage_taken":0,"max_hp_gain":5,"max_hp_loss":0,"event_name":"Big Fish","floor":5,"gold_loss":0},{"damage_healed":0,"gold_gain":0,"player_choice":"Became a vampire","damage_taken":0,"max_hp_gain":0,"max_hp_loss":18,"event_name":"Vampires","floor":19,"gold_loss":0,"cards_obtained":["Bite","Bite","Bite","Bite","Bite"]},{"damage_healed":0,"gold_gain":0,"cards_transformed":["Bite","Poisoned Stab"],"player_choice":"Became Test Subject","damage_taken":0,"max_hp_gain":0,"max_hp_loss":0,"event_name":"Drug Dealer","floor":20,"gold_loss":0,"cards_obtained":["HandOfGreed","Riddle With Holes"]},{"damage_healed":0,"gold_gain":0,"player_choice":"Fought Bandits","damage_taken":0,"max_hp_gain":0,"max_hp_loss":0,"event_name":"Masked Bandits","floor":21,"gold_loss":0},{"damage_healed":0,"gold_gain":0,"player_choice":"Read","damage_taken":0,"max_hp_gain":0,"max_hp_loss":0,"event_name":"The Library","floor":22,"gold_loss":0,"cards_obtained":["Acrobatics"]},{"cards_removed":["Defend_G"],"damage_healed":0,"gold_gain":0,"player_choice":"Gave Gold","damage_taken":0,"max_hp_gain":0,"max_hp_loss":0,"event_name":"Beggar","floor":29,"gold_loss":75},{"cards_removed":["Defend_G"],"damage_healed":0,"gold_gain":0,"player_choice":"Removed Skill","damage_taken":0,"max_hp_gain":0,"max_hp_loss":0,"event_name":"Falling","floor":37,"gold_loss":0},{"damage_healed":0,"gold_gain":999,"player_choice":"Gold","damage_taken":0,"max_hp_gain":0,"max_hp_loss":0,"event_name":"MindBloom","floor":38,"gold_loss":0,"cards_obtained":["Normality","Normality"]},{"damage_healed":0,"gold_gain":222,"player_choice":"Wore Mask","damage_taken":0,"max_hp_gain":0,"max_hp_loss":0,"event_name":"Tomb of Lord Red Mask","floor":42,"gold_loss":0},{"damage_healed":0,"gold_gain":50,"player_choice":"Pray","damage_taken":0,"max_hp_gain":0,"max_hp_loss":0,"event_name":"Golden Shrine","floor":47,"gold_loss":0}],"is_beta":false,"boss_relics":[{"not_picked":["Black Star","WristBlade"],"picked":"Runic Pyramid"},{"not_picked":["Empty Cage","Busted Crown"],"picked":"HoveringKite"}],"items_purged_floors":[11,27,36,39,45,54],"is_endless":false,"potions_floor_spawned":[2,6,13,24,28,30,31,33,35,41,44,48,55],"ascension_level":20}