{"gold_per_floor":[109,109,121,132,1,26,46,62,62,92,92,125,125,145,145,218,218,236,18,36,53,80,80,80,80],"floor_reached":25,"playtime":1359,"items_purged":[],"score":446,"play_id":"77e07849-0588-41f7-8cc2-ce8c7f173d68","local_time":"20230107202421","is_ascension_mode":true,"campfire_choices":[{"floor":11,"key":"REST"},{"floor":15,"key":"REST"},{"floor":23,"key":"REST"}],"neow_cost":"NONE","seed_source_timestamp":1714897214652100,"circlet_count":0,"master_deck":["AscendersBane","Strike_G","Strike_G","Strike_G","Strike_G+1","Defend_G","Defend_G","Defend_G+1","Defend_G","Defend_G","Survivor","Neutralize","Bouncing Flask","Blade Dance","Dagger Throw","Die Die Die","Accuracy","Underhanded Strike","Cloak And Dagger","Eviscerate","Accuracy","Wraith Form v2","Dash+1","Wraith Form v2","Prepared"],"relics":["Ring of the Snake","NeowsBlessing","Snake Skull","InkBottle","Lantern","Singing Bowl","Cursed Key","Orrery","Red Mask"],"potions_floor_usage":[7,8,10,16,16,16,16,16,18,20,22,25,25],"damage_taken":[{"damage":0,"enemies":"2 Louse","floor":1,"turns":1},{"damage":0,"enemies":"Cultist","floor":3,"turns":1},{"damage":0,"enemies":"Small Slimes","floor":4,"turns":1},{"damage":27,"enemies":"Lagavulin","floor":6,"turns":5},{"damage":0,"enemies":"Looter","floor":7,"turns":2},{"damage":5,"enemies":"Gremlin Gang","floor":8,"turns":4},{"damage":6,"enemies":"3 Sentries","floor":10,"turns":6},{"damage":8,"enemies":"Gremlin Nob","floor":12,"turns":3},{"damage":0,"enemies":"Lots of Slimes","floor":14,"turns":1},{"damage":33,"enemies":"Hexaghost","floor":16,"turns":9},{"damage":2,"enemies":"Spheric Guardian","floor":18,"turns":6},{"damage":31,"enemies":"3 Byrds","floor":20,"turns":3},{"damage":0,"enemies":"3 Cultists","floor":21,"turns":6},{"damage":5,"enemies":"Masked Bandits","floor":22,"turns":4},{"damage":65,"enemies":"Book of Stabbing","floor":25,"turns":9}],"seed_played":"-5063341492426347822","potions_obtained":[{"floor":1,"key":"AttackPotion"},{"floor":7,"key":"Strength Potion"},{"floor":12,"key":"CunningPotion"},{"floor":14,"key":"EntropicBrew"},{"floor":20,"key":"Dexterity Potion"},{"floor":21,"key":"PowerPotion"},{"floor":22,"key":"Regen Potion"}],"is_trial":false,"path_per_floor":["M","?","M","M","$","E","M","M","T","E","R","E","?","M","R","B",null,"M","$","M","M","?","R","?","E"],"character_chosen":"THE_SILENT","items_purchased":["Die Die Die","Fire Potion","Orrery","PowerPotion"],"campfire_rested":3,"item_purchase_floors":[5,5,19,19],"current_hp_per_floor":[59,59,59,59,59,32,32,27,27,21,40,32,12,14,34,1,51,51,51,22,24,21,43,43,0],"gold":80,"neow_bonus":"THREE_ENEMY_KILL","is_prod":false,"is_daily":false,"chose_seed":false,"campfire_upgraded":0,"win_rate":0,"timestamp":1673141061,"path_taken":["M","?","M","M","$","E","?","M","T","E","R","E","?","M","R","BOSS","M","$","M","M","?","R","?","E"],"build_version":"2022-12-18","purchased_purges":0,"victory":false,"max_hp_per_floor":[66,66,66,66,66,66,66,66,66,66,66,66,66,68,68,68,68,70,70,72,74,76,76,76,76],"relic_stats":{"Singing Bowl":10,"counters":[15,61],"Snake Skull":[24],"Cursed Key":0,"obtain_stats":[{"Lantern":10,"NeowsBlessing":0,"Singing Bowl":12,"Orrery":19,"Snake Skull":6,"Red Mask":22,"Cursed Key":17,"InkBottle":9,"Ring of the Snake":0},{"Lantern":7,"NeowsBlessing":0,"Singing Bowl":8,"Orrery":11,"Snake Skull":4,"Red Mask":14,"Cursed Key":10,"InkBottle":6,"Ring of the Snake":0},{"Lantern":20,"NeowsBlessing":0,"Singing Bowl":23,"Orrery":39,"Snake Skull":8,"Red Mask":52,"Cursed Key":33,"InkBottle":14,"Ring of the Snake":0}],"InkBottle":[18],"Ring of the Snake":[30]},"card_choices":[{"not_picked":["Skewer","Flying Knee"],"picked":"Bouncing Flask","floor":1},{"not_picked":["Predator","Finisher"],"picked":"Blade Dance","floor":3},{"not_picked":["Deflect","Distraction"],"picked":"Dagger Throw","floor":4},{"not_picked":["Poisoned Stab","Leg Sweep"],"picked":"Accuracy","floor":6},{"not_picked":["Flying Knee","Bullet Time"],"picked":"Underhanded Strike","floor":7},{"not_picked":["Skewer","Outmaneuver"],"picked":"Cloak And Dagger","floor":8},{"not_picked":["Malaise","Deflect"],"picked":"Eviscerate","floor":10},{"not_picked":["Dash","Flying Knee"],"picked":"Accuracy","floor":12},{"not_picked":["Underhanded Strike","Skewer","Choke"],"picked":"Singing Bowl","floor":14},{"not_picked":["Envenom","Venomology"],"picked":"Wraith Form v2","floor":16},{"not_picked":["Quick Slash","Sucker Punch","Deadly Poison"],"picked":"Singing Bowl","floor":18},{"not_picked":["All Out Attack","Dodge and Roll"],"picked":"Dash+1","floor":19},{"not_picked":["Quick Slash","Dagger Throw"],"picked":"Wraith Form v2","floor":19},{"not_picked":["Cloak And Dagger","Deadly Poison"],"picked":"Prepared","floor":19},{"not_picked":["Dagger Spray","Bane","Quick Slash"],"picked":"Singing Bowl","floor":20},{"not_picked":["Deadly Poison","Bouncing Flask","Cloak And Dagger"],"picked":"Singing Bowl","floor":21},{"not_picked":["Leg Sweep","Skewer","Poisoned Stab"],"picked":"Singing Bowl","floor":22}],"player_experience":1380065,"relics_obtained":[{"floor":6,"key":"Snake Skull"},{"floor":9,"key":"InkBottle"},{"floor":10,"key":"Lantern"},{"floor":12,"key":"Singing Bowl"},{"floor":22,"key":"Red Mask"}],"event_choices":[{"cards_removed":["Strike_G"],"damage_healed":0,"gold_gain":0,"player_choice":"Purged","damage_taken":0,"max_hp_gain":0,"max_hp_loss":0,"event_name":"Purifier","floor":2,"gold_loss":0},{"damage_healed":0,"gold_gain":0,"player_choice":"Entered Light","damage_taken":20,"max_hp_gain":0,"max_hp_loss":0,"event_name":"Shining Light","floor":13,"gold_loss":0,"cards_upgraded":["Strike_G","Defend_G"]},{"damage_healed":0,"gold_gain":0,"player_choice":"Fought Bandits","damage_taken":0,"max_hp_gain":0,"max_hp_loss":0,"event_name":"Masked Bandits","floor":22,"gold_loss":0},{"damage_healed":0,"gold_gain":0,"player_choice":"0 cards matched","damage_taken":0,"max_hp_gain":0,"max_hp_loss":0,"event_name":"Match and Keep!","floor":24,"gold_loss":0,"cards_obtained":[]}],"is_beta":false,"boss_relics":[{"not_picked":["Snecko Eye","SlaversCollar"],"picked":"Cursed Key"}],"items_purged_floors":[],"is_endless":false,"potions_floor_spawned":[1,6,7,12,14,20,21,22],"killed_by":"Book of Stabbing","ascension_level":20}