{"gold_per_floor":[109,109,120,138,151,179,179,210,210,225,256,276,307,326,326,402,402,421,421,471,488,51,78,78,103,171,197,197,214,214,27,27,106,106,122,122,132,147,147,180,195,195,241,276,296,296,332,342,342,342,342,342,342,19,46,46],"floor_reached":56,"playtime":3634,"items_purged":["Strike_G","Defend_G"],"score":2279,"play_id":"58166498-890d-40db-8fd8-021838357315","local_time":"20230106172247","is_ascension_mode":true,"campfire_choices":[{"data":"Phantasmal Killer","floor":15.0,"key":"SMITH"},{"data":"Well Laid Plans","floor":24,"key":"SMITH"},{"data":"Prepared","floor":28,"key":"SMITH"},{"floor":32,"key":"REST"},{"data":"Calculated Gamble","floor":42,"key":"SMITH"},{"data":"Tactician","floor":46,"key":"SMITH"},{"floor":49,"key":"RECALL"},{"data":"Concentrate","floor":53,"key":"SMITH"}],"neow_cost":"NONE","seed_source_timestamp":1615302218994900,"circlet_count":0,"master_deck":["AscendersBane","Defend_G","Defend_G","Defend_G","Defend_G","Survivor","Neutralize","Backstab","Underhanded Strike","Dagger Throw","Blade Dance+1","Dagger Throw","Phantasmal Killer+1","Acrobatics","Acrobatics","Prepared+1","Well Laid Plans+1","After Image","Eviscerate+1","Backflip+1","Acrobatics+1","Underhanded Strike","Master of Strategy","Acrobatics+1","Terror+1","Endless Agony","Calculated Gamble+1","Tactician+1","Concentrate+1","PiercingWail+1"],"special_seed":0,"relics":["Ring of the Snake","Toy Ornithopter","Dream Catcher","Bag of Marbles","Pear","Lizard Tail","Singing Bowl","Astrolabe","Nilry\u0027s Codex","Lee\u0027s Waffle","Blue Candle","Art of War","Shuriken","Snake Skull","SlaversCollar","Ornamental Fan","CeramicFish","The Specimen","Sundial","Boot"],"potions_floor_usage":[25,27,38,41,41,41,44,55,56],"damage_taken":[{"damage":1.0,"enemies":"2 Louse","floor":1.0,"turns":6.0},{"damage":4.0,"enemies":"Cultist","floor":3.0,"turns":4.0},{"damage":0.0,"enemies":"Small Slimes","floor":4.0,"turns":4.0},{"damage":0.0,"enemies":"Looter","floor":5.0,"turns":3.0},{"damage":6.0,"enemies":"Gremlin Nob","floor":6.0,"turns":3.0},{"damage":17.0,"enemies":"3 Sentries","floor":8.0,"turns":7.0},{"damage":0.0,"enemies":"Exordium Wildlife","floor":10.0,"turns":3.0},{"damage":11.0,"enemies":"Gremlin Nob","floor":11.0,"turns":3.0},{"damage":4.0,"enemies":"Large Slime","floor":12.0,"turns":3.0},{"damage":5.0,"enemies":"Lagavulin","floor":13.0,"turns":5.0},{"damage":0.0,"enemies":"2 Fungi Beasts","floor":14.0,"turns":1.0},{"damage":49.0,"enemies":"Slime Boss","floor":16.0,"turns":10.0},{"damage":0,"enemies":"Shell Parasite","floor":18,"turns":1},{"damage":11,"enemies":"2 Thieves","floor":21,"turns":3},{"damage":0,"enemies":"Gremlin Leader","floor":23,"turns":5},{"damage":41,"enemies":"Book of Stabbing","floor":25,"turns":5},{"damage":18,"enemies":"Slavers","floor":27,"turns":3},{"damage":0,"enemies":"Snecko","floor":29,"turns":2},{"damage":6,"enemies":"Champ","floor":33,"turns":8},{"damage":2,"enemies":"3 Darklings","floor":35,"turns":3},{"damage":9,"enemies":"3 Shapes","floor":37,"turns":6},{"damage":7,"enemies":"Writhing Mass","floor":38,"turns":3},{"damage":0,"enemies":"Giant Head","floor":40,"turns":3},{"damage":5,"enemies":"Jaw Worm Horde","floor":41,"turns":3},{"damage":5,"enemies":"Nemesis","floor":44,"turns":3},{"damage":16,"enemies":"Maw","floor":45,"turns":4},{"damage":0,"enemies":"Giant Head","floor":47,"turns":3},{"damage":0,"enemies":"3 Darklings","floor":48,"turns":3},{"damage":2,"enemies":"Awakened One","floor":50,"turns":5},{"damage":26,"enemies":"Donu and Deca","floor":51,"turns":6},{"damage":0,"enemies":"Shield and Spear","floor":55,"turns":3},{"damage":136,"enemies":"The Heart","floor":56,"turns":5}],"seed_played":"2719033779981399665","potions_obtained":[{"floor":1.0,"key":"Block Potion"},{"floor":4.0,"key":"SteroidPotion"},{"floor":8.0,"key":"DuplicationPotion"},{"floor":16.0,"key":"AttackPotion"},{"floor":23,"key":"EntropicBrew"},{"floor":25,"key":"SkillPotion"},{"floor":33,"key":"LiquidBronze"},{"floor":35,"key":"Energy Potion"},{"floor":40,"key":"SkillPotion"},{"floor":47,"key":"Swift Potion"},{"floor":48,"key":"FearPotion"}],"is_trial":false,"path_per_floor":["M","?","M","M","M","E","?","E","T","M","E","M","E","M","R","B",null,"M","?","?","M","$","E","R","E","T","E","R","M","?","$","R","B",null,"M","?","M","M","?","E","M","R","T","E","M","R","E","M","R","B","B",null,"R","$","E","B"],"character_chosen":"THE_SILENT","items_purchased":["Lee\u0027s Waffle","Master of Strategy","Endless Agony","Sundial","BlessingOfTheForge"],"campfire_rested":1,"item_purchase_floors":[22,22,31,54,54],"current_hp_per_floor":[58,58,54,54,54,53,53,36,46,46,35,31,31,31,31,38,67,69,48,48,37,85,85,85,49,49,38,38,40,14,14,44,40,84,84,84,77,75,75,77,87,87,87,87,73,73,73,75,75,73,47,93,93,93,100,0],"gold":46,"neow_bonus":"RANDOM_COMMON_RELIC","is_prod":false,"is_daily":false,"chose_seed":false,"campfire_upgraded":6,"win_rate":0,"timestamp":1673043767,"path_taken":["M","?","?","M","M","E","?","E","T","M","E","?","E","M","R","BOSS","M","?","?","M","$","E","R","E","T","E","R","M","?","$","R","BOSS","M","?","?","M","?","E","?","R","T","E","M","R","E","M","R","BOSS","BOSS","R","$","E","BOSS"],"build_version":"2022-12-18","purchased_purges":2,"victory":false,"max_hp_per_floor":[66,66,66,66,66,66,66,66,76,76,76,76,76,76,76,76,76,78,78,78,78,85,85,85,85,85,87,87,89,94,94,96,98,98,100,100,102,102,102,104,104,104,104,104,106,106,106,108,108,108,108,108,108,108,110,110],"relic_stats":{"Lee\u0027s Waffle":48,"Singing Bowl":22,"The Specimen":[0],"counters":[32,129],"Nilry\u0027s Codex":[2,13,9,34],"Astrolabe":["Eviscerate","Backflip","Acrobatics"],"Blue Candle":[0],"CeramicFish":18,"Snake Skull":[0],"Boot":[1],"Dream Catcher":1,"Lizard Tail":38,"Shuriken":[70],"Ornamental Fan":[180],"Sundial":[2],"Art of War":[3],"obtain_stats":[{"Lee\u0027s Waffle":22,"Pear":9,"Singing Bowl":13,"The Specimen":47,"Nilry\u0027s Codex":19,"Astrolabe":17,"Blue Candle":23,"CeramicFish":44,"Snake Skull":27,"Boot":55,"SlaversCollar":34,"Dream Catcher":6,"Lizard Tail":11,"Shuriken":26,"Ornamental Fan":40,"Sundial":54,"Bag of Marbles":8,"Art of War":25,"Toy Ornithopter":0,"Ring of the Snake":0},{"Lee\u0027s Waffle":14,"Pear":6,"Singing Bowl":10,"The Specimen":27,"Nilry\u0027s Codex":13,"Astrolabe":12,"Blue Candle":15,"CeramicFish":25,"Snake Skull":17,"Boot":31,"SlaversCollar":19,"Dream Catcher":5,"Lizard Tail":8,"Shuriken":16,"Ornamental Fan":23,"Sundial":30,"Bag of Marbles":6,"Art of War":16,"Toy Ornithopter":0,"Ring of the Snake":0},{"Lee\u0027s Waffle":56,"Pear":27,"Singing Bowl":41,"The Specimen":107,"Nilry\u0027s Codex":53,"Astrolabe":52,"Blue Candle":61,"CeramicFish":100,"Snake Skull":69,"Boot":124,"SlaversCollar":79,"Dream Catcher":20,"Lizard Tail":33,"Shuriken":66,"Ornamental Fan":94,"Sundial":121,"Bag of Marbles":27,"Art of War":66,"Toy Ornithopter":0,"Ring of the Snake":0}],"Toy Ornithopter":60,"Ring of the Snake":[65]},"card_choices":[{"not_picked":["Tactician","Dagger Spray"],"picked":"Backstab","floor":1.0},{"not_picked":["Slice","Footwork"],"picked":"Underhanded Strike","floor":3.0},{"not_picked":["Quick Slash","Deflect"],"picked":"Dagger Throw","floor":4.0},{"not_picked":["Prepared","Cloak And Dagger"],"picked":"Blade Dance","floor":5.0},{"not_picked":["Endless Agony","Leg Sweep"],"picked":"Dagger Throw","floor":6.0},{"not_picked":["Poisoned Stab","Outmaneuver","Slice"],"picked":"SKIP","floor":8.0},{"not_picked":["Poisoned Stab","Deadly Poison"],"picked":"Phantasmal Killer","floor":10.0},{"not_picked":["Underhanded Strike","Finisher"],"picked":"Acrobatics","floor":11.0},{"not_picked":["Night Terror","Bane"],"picked":"Acrobatics","floor":12.0},{"not_picked":["Crippling Poison","Slice"],"picked":"Prepared","floor":13.0},{"not_picked":["Dash","Flechettes"],"picked":"Well Laid Plans","floor":14.0},{"not_picked":["Night Terror","Corpse Explosion"],"picked":"After Image","floor":16.0},{"not_picked":["Blade Dance","Dagger Throw","Quick Slash"],"picked":"Singing Bowl","floor":18},{"not_picked":["Outmaneuver","Infinite Blades"],"picked":"Underhanded Strike","floor":21},{"not_picked":["Deadly Poison","Dodge and Roll"],"picked":"Acrobatics+1","floor":23},{"not_picked":["Slice","Dagger Spray"],"picked":"Terror+1","floor":25},{"not_picked":["Quick Slash","Terror","Catalyst+1"],"picked":"Singing Bowl","floor":27},{"not_picked":["Noxious Fumes","Finisher","Deadly Poison"],"picked":"Singing Bowl","floor":29},{"not_picked":["Storm of Steel","Deadly Poison","Dagger Throw"],"picked":"Singing Bowl","floor":32},{"not_picked":["Doppelganger","Glass Knife","Burst"],"picked":"Singing Bowl","floor":33},{"not_picked":["Underhanded Strike","Slice+1","Sucker Punch"],"picked":"Singing Bowl","floor":35},{"not_picked":["Blur+1","Bouncing Flask","Blade Dance"],"picked":"Singing Bowl","floor":37},{"not_picked":["Caltrops","Crippling Poison"],"picked":"Calculated Gamble","floor":38},{"not_picked":["Masterful Stab","Flying Knee+1","Cloak And Dagger"],"picked":"Singing Bowl","floor":40},{"not_picked":["All Out Attack+1","Phantasmal Killer"],"picked":"Tactician","floor":41},{"not_picked":["Dodge and Roll","Masterful Stab"],"picked":"Concentrate","floor":44},{"not_picked":["Dagger Throw","Sucker Punch+1","Dagger Spray+1"],"picked":"Singing Bowl","floor":45},{"not_picked":["Underhanded Strike","Blade Dance"],"picked":"PiercingWail+1","floor":47},{"not_picked":["Poisoned Stab","Dagger Spray","Heel Hook"],"picked":"Singing Bowl","floor":48},{"not_picked":["Bane","Flechettes","Deadly Poison"],"picked":"Singing Bowl","floor":55}],"player_experience":1374171,"relics_obtained":[{"floor":6.0,"key":"Dream Catcher"},{"floor":8.0,"key":"Bag of Marbles"},{"floor":9.0,"key":"Pear"},{"floor":11.0,"key":"Lizard Tail"},{"floor":13.0,"key":"Singing Bowl"},{"floor":19,"key":"Nilry\u0027s Codex"},{"floor":23,"key":"Blue Candle"},{"floor":25,"key":"Art of War"},{"floor":26,"key":"Shuriken"},{"floor":27,"key":"Snake Skull"},{"floor":40,"key":"Ornamental Fan"},{"floor":44,"key":"CeramicFish"},{"floor":47,"key":"The Specimen"},{"floor":55,"key":"Boot"}],"event_choices":[{"cards_removed":["Strike_G"],"damage_healed":0.0,"max_hp_gain":0.0,"max_hp_loss":0.0,"gold_gain":0.0,"event_name":"Purifier","player_choice":"Purged","floor":2.0,"gold_loss":0.0,"damage_taken":0.0},{"damage_healed":0.0,"max_hp_gain":0.0,"max_hp_loss":0.0,"gold_gain":0.0,"event_name":"Upgrade Shrine","player_choice":"Upgraded","floor":7.0,"gold_loss":0.0,"damage_taken":0.0,"cards_upgraded":["Blade Dance"]},{"damage_healed":0,"gold_gain":0,"player_choice":"Obtained Book","damage_taken":21,"max_hp_gain":0,"max_hp_loss":0,"event_name":"Cursed Tome","floor":19,"gold_loss":0},{"damage_healed":0,"gold_gain":50,"player_choice":"Stole From Cult","damage_taken":0,"max_hp_gain":0,"max_hp_loss":0,"event_name":"Nest","floor":20,"gold_loss":0},{"damage_healed":0,"gold_gain":0,"player_choice":"Shed Blood","damage_taken":31,"max_hp_gain":5,"max_hp_loss":0,"event_name":"Forgotten Altar","floor":30,"gold_loss":0},{"damage_healed":0,"gold_gain":0,"player_choice":"Ignored","damage_taken":0,"max_hp_gain":0,"max_hp_loss":0,"event_name":"SecretPortal","floor":36,"gold_loss":0},{"damage_healed":0,"gold_gain":0,"player_choice":"0 cards matched","damage_taken":0,"max_hp_gain":0,"max_hp_loss":0,"event_name":"Match and Keep!","floor":39,"gold_loss":0,"cards_obtained":[]}],"is_beta":false,"boss_relics":[{"not_picked":["Runic Dome","Ring of the Serpent"],"picked":"Astrolabe"},{"not_picked":["Pandora\u0027s Box","Empty Cage"],"picked":"SlaversCollar"}],"items_purged_floors":[22,31],"is_endless":false,"potions_floor_spawned":[1,4,8,11,16,23,25,33,35,40,47,48],"killed_by":"The Heart","ascension_level":20}