{"gold_per_floor":[111,111,124,139,152,152,183,183,183,183,183,183],"floor_reached":12,"playtime":438,"items_purged":[],"score":156,"play_id":"93fabaca-9e62-4e7d-843a-5a83e0133bc5","local_time":"20230106151930","is_ascension_mode":true,"campfire_choices":[{"data":"Acrobatics","floor":6,"key":"SMITH"},{"floor":8,"key":"REST"},{"data":"Skewer","floor":10,"key":"SMITH"}],"neow_cost":"TEN_PERCENT_HP_LOSS","seed_source_timestamp":1611129860067700,"circlet_count":0,"master_deck":["AscendersBane","Strike_G","Strike_G","Strike_G","Defend_G","Defend_G","Defend_G","Defend_G","Survivor","Neutralize","Underhanded Strike","Blade Dance","Acrobatics+1","Footwork","Skewer+1"],"relics":["Ring of the Snake","Sundial","Eternal Feather"],"potions_floor_usage":[7],"damage_taken":[{"damage":7,"enemies":"Jaw Worm","floor":1,"turns":7},{"damage":1,"enemies":"Cultist","floor":3,"turns":4},{"damage":1,"enemies":"Small Slimes","floor":4,"turns":3},{"damage":9,"enemies":"Gremlin Gang","floor":5,"turns":4},{"damage":38,"enemies":"Lagavulin","floor":7,"turns":13},{"damage":58,"enemies":"Gremlin Nob","floor":12,"turns":4}],"seed_played":"7620174362933670365","potions_obtained":[{"floor":1,"key":"SpeedPotion"}],"is_trial":false,"path_per_floor":["M","?","M","M","M","R","E","R","T","R","?","E"],"character_chosen":"THE_SILENT","items_purchased":[],"campfire_rested":1,"item_purchase_floors":[],"current_hp_per_floor":[52,52,51,50,41,41,3,21,21,30,30,0],"gold":183,"neow_bonus":"REMOVE_TWO","is_prod":false,"is_daily":false,"chose_seed":false,"campfire_upgraded":2,"win_rate":0,"timestamp":1673036370,"path_taken":["M","?","M","?","M","R","E","R","T","R","?","E"],"build_version":"2022-12-18","purchased_purges":0,"victory":false,"max_hp_per_floor":[60,60,60,60,60,60,60,60,60,60,60,60],"relic_stats":{"counters":[6,35],"Sundial":[0],"Eternal Feather":9,"obtain_stats":[{"Sundial":7,"Eternal Feather":9,"Ring of the Snake":0},{"Sundial":5,"Eternal Feather":5,"Ring of the Snake":0},{"Sundial":31,"Eternal Feather":31,"Ring of the Snake":0}],"Ring of the Snake":[12]},"card_choices":[{"not_picked":["Finisher","Caltrops"],"picked":"Underhanded Strike","floor":1},{"not_picked":["Expertise","Prepared"],"picked":"Blade Dance","floor":3},{"not_picked":["Bane","Cloak And Dagger"],"picked":"Acrobatics","floor":4},{"not_picked":["Acrobatics","Underhanded Strike"],"picked":"Footwork","floor":5},{"not_picked":["Wraith Form v2","Choke"],"picked":"Skewer","floor":7}],"player_experience":1370080,"relics_obtained":[{"floor":7,"key":"Sundial"},{"floor":9,"key":"Eternal Feather"}],"event_choices":[{"damage_healed":0,"gold_gain":0,"player_choice":"0 cards matched","damage_taken":0,"max_hp_gain":0,"max_hp_loss":0,"event_name":"Match and Keep!","floor":2,"gold_loss":0,"cards_obtained":[]},{"cards_removed":["Strike_G"],"damage_healed":0,"gold_gain":0,"player_choice":"Offered Basic","damage_taken":0,"max_hp_gain":0,"max_hp_loss":0,"event_name":"Bonfire Elementals","floor":11,"gold_loss":0}],"is_beta":false,"boss_relics":[],"items_purged_floors":[],"is_endless":false,"potions_floor_spawned":[1],"killed_by":"Gremlin Nob","ascension_level":20}