{"gold_per_floor":[111,111,127,143,143,143,174,190,239,274,199,98,109,127,127,200,200,211,211,211,230,230,230,91,107,159,171,171],"floor_reached":28,"playtime":1086,"items_purged":["Strike_G","Strike_G"],"score":460,"play_id":"8a02dbde-2848-4ea9-9a43-dd05cde63124","local_time":"20230107205103","is_ascension_mode":true,"campfire_choices":[{"data":"Glass Knife","floor":6,"key":"SMITH"},{"data":"Dodge and Roll","floor":15,"key":"SMITH"},{"data":"Tactician","floor":23,"key":"SMITH"}],"neow_cost":"NONE","seed_source_timestamp":1716771427278600,"circlet_count":0,"master_deck":["AscendersBane","Strike_G","Defend_G","Defend_G+1","Defend_G","Defend_G","Defend_G","Survivor","Neutralize","Dramatic Entrance","Dagger Throw","Glass Knife+1","Blade Dance","Prepared","Underhanded Strike","Blade Dance","Blur+1","Dodge and Roll+1","Backflip","Burst","Acrobatics","Tactician+1","Accuracy","PiercingWail","Calculated Gamble+1"],"relics":["Ring of the Snake","StrikeDummy","War Paint","Coffee Dripper","Bag of Preparation"],"potions_floor_usage":[28],"damage_taken":[{"damage":0,"enemies":"Small Slimes","floor":1,"turns":4},{"damage":0,"enemies":"Jaw Worm","floor":3,"turns":3},{"damage":2,"enemies":"2 Louse","floor":4,"turns":2},{"damage":32,"enemies":"Gremlin Nob","floor":7,"turns":4},{"damage":0,"enemies":"Blue Slaver","floor":8,"turns":2},{"damage":7,"enemies":"3 Sentries","floor":10,"turns":5},{"damage":0,"enemies":"Looter","floor":13,"turns":3},{"damage":0,"enemies":"Large Slime","floor":14,"turns":5},{"damage":44,"enemies":"The Guardian","floor":16,"turns":17},{"damage":10,"enemies":"Shell Parasite","floor":18,"turns":8},{"damage":16,"enemies":"2 Thieves","floor":21,"turns":3},{"damage":19,"enemies":"Snake Plant","floor":25,"turns":5},{"damage":0,"enemies":"Cultist and Chosen","floor":27,"turns":5},{"damage":17,"enemies":"Gremlin Leader","floor":28,"turns":5}],"seed_played":"-2675018416987861368","potions_obtained":[{"floor":3,"key":"SpeedPotion"},{"floor":8,"key":"FairyPotion"},{"floor":18,"key":"GamblersBrew"}],"is_trial":false,"path_per_floor":["M","?","M","M","?","R","E","M","T","E","?","$","M","M","R","B",null,"M","?","?","M","?","R","$","M","T","M","E"],"character_chosen":"THE_SILENT","items_purchased":["Dodge and Roll","Accuracy"],"campfire_rested":0,"item_purchase_floors":[12,24],"current_hp_per_floor":[59,59,59,57,62,62,30,30,30,23,23,23,23,23,23,21,59,49,49,49,33,33,33,33,14,14,14,0],"gold":171,"neow_bonus":"RANDOM_COLORLESS","is_prod":false,"is_daily":false,"chose_seed":false,"campfire_upgraded":3,"win_rate":0,"timestamp":1673142663,"path_taken":["M","?","M","M","?","R","E","M","T","E","?","?","M","M","R","BOSS","M","?","?","M","?","R","?","?","T","M","E"],"build_version":"2022-12-18","purchased_purges":2,"victory":false,"max_hp_per_floor":[66,66,66,66,71,71,71,71,71,71,71,71,71,71,71,71,71,71,71,71,71,71,71,71,71,71,71,71],"relic_stats":{"counters":[14,71],"Bag of Preparation":[4],"War Paint":["Blur","Defend_G"],"obtain_stats":[{"Coffee Dripper":17,"Bag of Preparation":26,"War Paint":10,"StrikeDummy":7,"Ring of the Snake":0},{"Coffee Dripper":9,"Bag of Preparation":12,"War Paint":6,"StrikeDummy":4,"Ring of the Snake":0},{"Coffee Dripper":45,"Bag of Preparation":61,"War Paint":20,"StrikeDummy":13,"Ring of the Snake":0}],"Ring of the Snake":[28]},"card_choices":[{"not_picked":["Finesse","Good Instincts"],"picked":"Dramatic Entrance","floor":0},{"not_picked":["Dagger Spray","Acrobatics"],"picked":"Dagger Throw","floor":1},{"not_picked":["Outmaneuver","Catalyst"],"picked":"Blade Dance","floor":3},{"not_picked":["Dagger Throw","Flying Knee"],"picked":"Prepared","floor":4},{"not_picked":["Poisoned Stab","Night Terror"],"picked":"Underhanded Strike","floor":7},{"not_picked":["Cloak And Dagger","Underhanded Strike"],"picked":"Blade Dance","floor":8},{"not_picked":["Skewer","Dagger Throw"],"picked":"Blur","floor":10},{"not_picked":["Underhanded Strike","Bane","Flying Knee"],"picked":"SKIP","floor":13},{"not_picked":["Outmaneuver","Escape Plan"],"picked":"Backflip","floor":14},{"not_picked":["Die Die Die","Bullet Time"],"picked":"Burst","floor":16},{"not_picked":["PiercingWail","Eviscerate"],"picked":"Acrobatics","floor":18},{"not_picked":["Setup+1","Slice"],"picked":"Tactician","floor":21},{"not_picked":["Poisoned Stab","Dash"],"picked":"PiercingWail","floor":25},{"not_picked":["Underhanded Strike","All Out Attack"],"picked":"Calculated Gamble+1","floor":27}],"player_experience":1381883,"relics_obtained":[{"floor":7,"key":"StrikeDummy"},{"floor":10,"key":"War Paint"},{"floor":26,"key":"Bag of Preparation"}],"event_choices":[{"damage_healed":0,"gold_gain":0,"cards_transformed":["Strike_G"],"player_choice":"Change","damage_taken":0,"max_hp_gain":0,"max_hp_loss":0,"event_name":"Living Wall","floor":2,"gold_loss":0,"cards_obtained":["Glass Knife"]},{"damage_healed":0,"gold_gain":0,"player_choice":"Donut","damage_taken":0,"max_hp_gain":5,"max_hp_loss":0,"event_name":"Big Fish","floor":5,"gold_loss":0},{"cards_removed":["Strike_G"],"damage_healed":0,"gold_gain":0,"player_choice":"Card Removal","damage_taken":0,"max_hp_gain":0,"max_hp_loss":0,"event_name":"The Cleric","floor":11,"gold_loss":75},{"damage_healed":0,"gold_gain":0,"player_choice":"Ignored","damage_taken":0,"max_hp_gain":0,"max_hp_loss":0,"event_name":"Ghosts","floor":19,"gold_loss":0},{"damage_healed":0,"gold_gain":0,"player_choice":"Ignored","damage_taken":0,"max_hp_gain":0,"max_hp_loss":0,"event_name":"Vampires","floor":20,"gold_loss":0},{"damage_healed":0,"gold_gain":0,"player_choice":"Ignored","damage_taken":0,"max_hp_gain":0,"max_hp_loss":0,"event_name":"The Mausoleum","floor":22,"gold_loss":0}],"is_beta":false,"boss_relics":[{"not_picked":["SacredBark","Cursed Key"],"picked":"Coffee Dripper"}],"items_purged_floors":[12,24],"is_endless":false,"potions_floor_spawned":[3,8,10,14,18,25,27],"killed_by":"Gremlin Leader","ascension_level":20}