{"gold_per_floor":[115,115,115,40,59,59,92,92,116,142,142,161,172,185,185,263,263,282,197,210,226,6,6],"floor_reached":23,"playtime":845,"items_purged":["Strike_G"],"score":402,"play_id":"4453e264-ee5d-49e3-98b9-def1d84af2c3","local_time":"20230107194136","is_ascension_mode":true,"campfire_choices":[{"data":"Eviscerate","floor":6,"key":"SMITH"},{"data":"Unload","floor":8,"key":"SMITH"},{"floor":11,"key":"REST"},{"floor":15,"key":"REST"}],"neow_cost":"TEN_PERCENT_HP_LOSS","seed_source_timestamp":1712845163620800,"circlet_count":0,"master_deck":["AscendersBane","Strike_G","Strike_G+1","Defend_G+1","Defend_G","Defend_G","Defend_G","Survivor","Neutralize","Unload+1","Eviscerate+1","Endless Agony","Sucker Punch","Backflip","PiercingWail","Concentrate","Distraction","Grand Finale","Quick Slash","Terror","Leg Sweep"],"relics":["Ring of the Snake","InkBottle","WingedGreaves","Ancient Tea Set","Centennial Puzzle","HoveringKite","Incense Burner","Membership Card"],"potions_floor_usage":[7,23],"damage_taken":[{"damage":2,"enemies":"Jaw Worm","floor":1,"turns":4},{"damage":0,"enemies":"2 Louse","floor":5,"turns":3},{"damage":12,"enemies":"Lagavulin","floor":7,"turns":4},{"damage":21,"enemies":"Gremlin Nob","floor":10,"turns":4},{"damage":0,"enemies":"Small Slimes","floor":12,"turns":2},{"damage":1,"enemies":"3 Louse","floor":13,"turns":3},{"damage":1,"enemies":"Exordium Wildlife","floor":14,"turns":4},{"damage":31,"enemies":"The Guardian","floor":16,"turns":14},{"damage":1,"enemies":"Chosen","floor":18,"turns":3},{"damage":10,"enemies":"Shell Parasite","floor":20,"turns":5},{"damage":12,"enemies":"Snake Plant","floor":21,"turns":5},{"damage":30,"enemies":"Slavers","floor":23,"turns":1}],"seed_played":"2294851069386055028","potions_obtained":[{"floor":1,"key":"Strength Potion"},{"floor":13,"key":"SmokeBomb"},{"floor":16,"key":"SteroidPotion"},{"floor":18,"key":"Dexterity Potion"},{"floor":20,"key":"PowerPotion"}],"is_trial":false,"path_per_floor":["M","?","?","?","M","R","E","R","T","E","R","M","M","M","R","B",null,"M","?","M","M","$","E"],"character_chosen":"THE_SILENT","items_purchased":["Membership Card","Leg Sweep"],"campfire_rested":2,"item_purchase_floors":[22,22],"current_hp_per_floor":[57,39,34,34,34,34,22,22,22,1,19,19,18,17,35,4,46,45,45,35,23,23,0],"gold":6,"neow_bonus":"TRANSFORM_TWO_CARDS","is_prod":false,"is_daily":false,"chose_seed":false,"campfire_upgraded":2,"win_rate":0,"timestamp":1673138496,"path_taken":["M","?","?","?","M","R","E","R","T","E","R","M","M","M","R","BOSS","M","?","M","M","$","E"],"build_version":"2022-12-18","purchased_purges":1,"victory":false,"max_hp_per_floor":[60,60,60,60,60,60,60,60,60,60,60,60,60,60,60,60,60,60,60,60,60,60,60],"relic_stats":{"Centennial Puzzle":[23],"counters":[12,52],"HoveringKite":[9],"WingedGreaves":0,"Membership Card":59,"Ancient Tea Set":[4],"obtain_stats":[{"Centennial Puzzle":10,"HoveringKite":17,"WingedGreaves":7,"Incense Burner":19,"Membership Card":22,"Ancient Tea Set":9,"InkBottle":3,"Ring of the Snake":0},{"Centennial Puzzle":4,"HoveringKite":8,"WingedGreaves":3,"Incense Burner":9,"Membership Card":11,"Ancient Tea Set":3,"InkBottle":1,"Ring of the Snake":0},{"Centennial Puzzle":15,"HoveringKite":38,"WingedGreaves":11,"Incense Burner":41,"Membership Card":51,"Ancient Tea Set":11,"InkBottle":4,"Ring of the Snake":0}],"InkBottle":[13],"Ring of the Snake":[28]},"card_choices":[{"not_picked":["Deadly Poison","Flying Knee"],"picked":"Endless Agony","floor":1},{"not_picked":["Backflip","Outmaneuver"],"picked":"Sucker Punch","floor":5},{"not_picked":["Deflect","Well Laid Plans"],"picked":"Backflip","floor":7},{"not_picked":["Choke","Distraction","Skewer"],"picked":"SKIP","floor":10},{"not_picked":["Endless Agony","Quick Slash"],"picked":"PiercingWail","floor":12},{"not_picked":["Distraction","Sucker Punch"],"picked":"Concentrate","floor":13},{"not_picked":["Eviscerate","Slice"],"picked":"Distraction","floor":14},{"not_picked":["Bullet Time","After Image"],"picked":"Grand Finale","floor":16},{"not_picked":["Dash","Cloak And Dagger","Leg Sweep"],"picked":"SKIP","floor":18},{"not_picked":["Poisoned Stab","Dodge and Roll"],"picked":"Quick Slash","floor":20},{"not_picked":["Reflex","Quick Slash"],"picked":"Terror","floor":21}],"player_experience":1378045,"relics_obtained":[{"floor":7,"key":"WingedGreaves"},{"floor":9,"key":"Ancient Tea Set"},{"floor":10,"key":"Centennial Puzzle"}],"event_choices":[{"damage_healed":0,"gold_gain":0,"player_choice":"Entered Light","damage_taken":18,"max_hp_gain":0,"max_hp_loss":0,"event_name":"Shining Light","floor":2,"gold_loss":0,"cards_upgraded":["Defend_G","Strike_G"]},{"damage_healed":0,"gold_gain":0,"player_choice":"Success","damage_taken":5,"relics_obtained":["InkBottle"],"max_hp_gain":0,"max_hp_loss":0,"event_name":"Scrap Ooze","floor":3,"gold_loss":0},{"cards_removed":["Defend_G"],"damage_healed":0,"gold_gain":0,"player_choice":"Card Removal","damage_taken":0,"max_hp_gain":0,"max_hp_loss":0,"event_name":"The Cleric","floor":4,"gold_loss":75},{"damage_healed":0,"gold_gain":0,"player_choice":"Obtained Relic","damage_taken":0,"relics_obtained":["Incense Burner"],"max_hp_gain":0,"max_hp_loss":0,"event_name":"Addict","floor":19,"gold_loss":85}],"is_beta":false,"boss_relics":[{"not_picked":["Velvet Choker","Pandora\u0027s Box"],"picked":"HoveringKite"}],"items_purged_floors":[22],"is_endless":false,"potions_floor_spawned":[1,13,16,18,20],"killed_by":"Slavers","ascension_level":20}