{"gold_per_floor":[15,34,34,52,67,95,95,121,144,162,162,173,193,218,218,218],"floor_reached":16,"playtime":705,"items_purged":[],"score":273,"play_id":"615adbd9-9df6-4660-9652-52045a925a04","local_time":"20230107200135","is_ascension_mode":true,"campfire_choices":[{"data":"Crippling Poison","floor":7,"key":"SMITH"},{"data":"Predator","floor":11,"key":"SMITH"},{"data":"Adrenaline","floor":15,"key":"SMITH"}],"neow_cost":"NO_GOLD","seed_source_timestamp":1714184742836200,"circlet_count":0,"master_deck":["AscendersBane","Strike_G","Strike_G","Strike_G","Defend_G","Defend_G","Defend_G","Defend_G","Defend_G","Survivor","Neutralize","Caltrops","Slice","Blade Dance+1","Flying Knee","Adrenaline+1","Crippling Poison+1","Corpse Explosion","Predator+1"],"relics":["Ring of the Snake","Pear","PreservedInsect","Strawberry","Art of War"],"potions_floor_usage":[6,8,14,16],"damage_taken":[{"damage":1,"enemies":"Small Slimes","floor":1,"turns":4},{"damage":0,"enemies":"2 Louse","floor":2,"turns":3},{"damage":2,"enemies":"Jaw Worm","floor":4,"turns":3},{"damage":0,"enemies":"Red Slaver","floor":5,"turns":4},{"damage":15,"enemies":"Lagavulin","floor":6,"turns":9},{"damage":7,"enemies":"Gremlin Nob","floor":8,"turns":3},{"damage":15,"enemies":"3 Louse","floor":10,"turns":3},{"damage":0,"enemies":"Looter","floor":12,"turns":3},{"damage":0,"enemies":"Gremlin Gang","floor":13,"turns":1},{"damage":12,"enemies":"3 Sentries","floor":14,"turns":4},{"damage":38,"enemies":"Slime Boss","floor":16,"turns":6}],"seed_played":"-4042406336731956780","potions_obtained":[{"floor":5,"key":"AttackPotion"},{"floor":6,"key":"BlessingOfTheForge"},{"floor":10,"key":"LiquidBronze"},{"floor":13,"key":"Fruit Juice"},{"floor":14,"key":"Fire Potion"}],"is_trial":false,"path_per_floor":["M","M","?","M","M","E","R","E","T","M","R","M","M","E","R","B"],"character_chosen":"THE_SILENT","items_purchased":[],"campfire_rested":0,"item_purchase_floors":[],"current_hp_per_floor":[58,58,58,56,56,51,51,44,51,36,36,36,36,29,29,0],"gold":218,"neow_bonus":"TRANSFORM_TWO_CARDS","is_prod":false,"is_daily":false,"chose_seed":false,"campfire_upgraded":3,"win_rate":0,"timestamp":1673139695,"path_taken":["M","M","?","M","M","E","R","E","T","M","R","M","M","E","R","BOSS"],"build_version":"2022-12-18","purchased_purges":0,"victory":false,"max_hp_per_floor":[66,66,66,66,66,76,76,76,83,83,83,83,83,88,88,88],"relic_stats":{"counters":[11,43],"PreservedInsect":33,"Art of War":[0],"obtain_stats":[{"Pear":6,"Strawberry":9,"PreservedInsect":8,"Art of War":14,"Ring of the Snake":0},{"Pear":5,"Strawberry":6,"PreservedInsect":6,"Art of War":10,"Ring of the Snake":0},{"Pear":23,"Strawberry":26,"PreservedInsect":26,"Art of War":37,"Ring of the Snake":0}],"Ring of the Snake":[22]},"card_choices":[{"not_picked":["Poisoned Stab","Deflect"],"picked":"Blade Dance","floor":1},{"not_picked":["Deflect","Bane"],"picked":"Flying Knee","floor":2},{"not_picked":["Poisoned Stab","Deflect"],"picked":"Adrenaline","floor":4},{"not_picked":["Cloak And Dagger","Infinite Blades"],"picked":"Crippling Poison","floor":5},{"not_picked":["Distraction","Dash"],"picked":"Corpse Explosion","floor":6},{"not_picked":["Cloak And Dagger","PiercingWail","Dagger Throw"],"picked":"SKIP","floor":8},{"not_picked":["Underhanded Strike","Dagger Spray"],"picked":"Predator","floor":10},{"not_picked":["Deflect","Skewer","Bouncing Flask"],"picked":"SKIP","floor":12},{"not_picked":["Die Die Die","Caltrops","Quick Slash"],"picked":"SKIP","floor":13},{"not_picked":["Dagger Spray","Underhanded Strike","Skewer"],"picked":"SKIP","floor":14}],"player_experience":1379360,"relics_obtained":[{"floor":6,"key":"Pear"},{"floor":8,"key":"PreservedInsect"},{"floor":9,"key":"Strawberry"},{"floor":14,"key":"Art of War"}],"event_choices":[{"damage_healed":0,"gold_gain":0,"player_choice":"Grow","damage_taken":0,"max_hp_gain":0,"max_hp_loss":0,"event_name":"Living Wall","floor":3,"gold_loss":0,"cards_upgraded":["Blade Dance"]}],"is_beta":false,"boss_relics":[],"items_purged_floors":[],"is_endless":false,"potions_floor_spawned":[5,6,10,13,14],"killed_by":"Slime Boss","ascension_level":20}