{"gold_per_floor":[112,125,31,31,50,85,85],"floor_reached":7,"playtime":464,"items_purged":[],"score":102,"play_id":"cb89f2e9-5065-4c9c-ac9e-3be29eaa7625","local_time":"20230110155920","daily_mods":["SealedDeck","Diverse"],"is_ascension_mode":true,"campfire_choices":[],"neow_cost":"","seed_source_timestamp":0,"circlet_count":0,"master_deck":["AscendersBane","WaveOfTheHand","EmptyBody","Fusion","ThirdEye","Dagger Throw","Sweeping Beam","Rage","PiercingWail","Melter","Sanctity","Sanctity","All Out Attack","Wallop","Acrobatics","Self Repair"],"relics":["Ring of the Snake","Bird Faced Urn","Ancient Tea Set"],"potions_floor_usage":[],"damage_taken":[{"damage":0,"enemies":"Cultist","floor":1,"turns":3},{"damage":0,"enemies":"2 Louse","floor":2,"turns":3},{"damage":5,"enemies":"Jaw Worm","floor":5,"turns":5},{"damage":44,"enemies":"Lagavulin","floor":6,"turns":14},{"damage":0,"enemies":"3 Louse","floor":7,"turns":1}],"seed_played":"-4463897850742849283","potions_obtained":[{"floor":1,"key":"Swift Potion"},{"floor":6,"key":"EssenceOfSteel"}],"is_trial":true,"path_per_floor":["M","M","$","?","M","E","M"],"character_chosen":"THE_SILENT","items_purchased":["Wallop","Acrobatics"],"campfire_rested":0,"item_purchase_floors":[3,3],"current_hp_per_floor":[59,59,59,59,54,19,19],"gold":85,"neow_bonus":"","is_prod":false,"is_daily":false,"chose_seed":false,"campfire_upgraded":0,"win_rate":0,"timestamp":1673384360,"path_taken":["M","M","?","?","M","E","?"],"build_version":"2022-12-18","purchased_purges":0,"victory":false,"max_hp_per_floor":[66,66,66,66,66,66,66],"relic_stats":{"counters":[5,26],"Bird Faced Urn":[2],"Ancient Tea Set":[0],"obtain_stats":[{"Bird Faced Urn":4,"Ancient Tea Set":6,"Ring of the Snake":0},{"Bird Faced Urn":2,"Ancient Tea Set":4,"Ring of the Snake":0},{"Bird Faced Urn":6,"Ancient Tea Set":25,"Ring of the Snake":0}],"Ring of the Snake":[10]},"card_choices":[{"not_picked":["Iron Wave","Thunderclap"],"picked":"Sanctity","floor":1},{"not_picked":["Dagger Throw","Skim"],"picked":"All Out Attack","floor":2},{"not_picked":["Clash","Perseverance"],"picked":"Self Repair","floor":5},{"not_picked":["Wallop","SashWhip","WreathOfFlame"],"picked":"SKIP","floor":6}],"player_experience":1382982,"relics_obtained":[{"floor":6,"key":"Ancient Tea Set"}],"event_choices":[{"damage_healed":0,"gold_gain":0,"player_choice":"Gave Potion","damage_taken":0,"relics_obtained":["Bird Faced Urn"],"max_hp_gain":0,"max_hp_loss":0,"event_name":"WeMeetAgain","floor":4,"gold_loss":0}],"is_beta":false,"boss_relics":[],"items_purged_floors":[],"is_endless":false,"potions_floor_spawned":[1,6],"killed_by":"3 Louse","ascension_level":20}