{"gold_per_floor":[115,115,190,190,205,205,238,253,300,320,320,348,67,67,67,143,143,158,175,75,90,106,106,131,149,149,149,199,199,233,233,233,307,307,317,317,317,54,64,89,89,122,122,122],"floor_reached":44,"playtime":2888,"items_purged":["Strike_G","Strike_G","Strike_G"],"score":1124,"play_id":"e57d8bbf-ab8f-4b30-a111-7864b12ea3e6","local_time":"20230215085542","is_ascension_mode":true,"campfire_choices":[{"data":"Underhanded Strike","floor":6.0,"key":"SMITH"},{"floor":11.0,"key":"REST"},{"data":"Terror","floor":15.0,"key":"SMITH"},{"floor":23.0,"key":"REST"},{"floor":27.0,"key":"REST"},{"floor":32.0,"key":"REST"},{"data":"Footwork","floor":41,"key":"SMITH"}],"neow_cost":"NONE","seed_source_timestamp":0,"circlet_count":0,"master_deck":["AscendersBane","Strike_G","Defend_G","Defend_G","Defend_G","Survivor","Neutralize","Underhanded Strike+1","Sucker Punch","Masterful Stab","Endless Agony","Crippling Poison","Backflip","Footwork+1","Terror+1","Malaise","Acrobatics","Leg Sweep","Calculated Gamble","Backflip","Concentrate","Night Terror","Prepared+1","Blur","Backflip+1","Doubt"],"special_seed":0,"relics":["Ring of the Snake","Lantern","Bag of Marbles","Vajra","Cursed Key","Molten Egg 2","Pocketwatch","Coffee Dripper","Prayer Wheel","Tough Bandages"],"potions_floor_usage":[42],"damage_taken":[{"damage":3.0,"enemies":"Small Slimes","floor":1.0,"turns":5.0},{"damage":0.0,"enemies":"2 Louse","floor":5.0,"turns":2.0},{"damage":17.0,"enemies":"3 Sentries","floor":7.0,"turns":7.0},{"damage":0.0,"enemies":"Cultist","floor":8.0,"turns":2.0},{"damage":9.0,"enemies":"Exordium Thugs","floor":10.0,"turns":4.0},{"damage":17.0,"enemies":"Lagavulin","floor":12.0,"turns":5.0},{"damage":0.0,"enemies":"Slime Boss","floor":16.0,"turns":7.0},{"damage":0.0,"enemies":"Shell Parasite","floor":18.0,"turns":1.0},{"damage":5.0,"enemies":"Spheric Guardian","floor":19.0,"turns":4.0},{"damage":26.0,"enemies":"Cultist and Chosen","floor":21.0,"turns":6.0},{"damage":24.0,"enemies":"Snake Plant","floor":22.0,"turns":4.0},{"damage":3.0,"enemies":"Book of Stabbing","floor":24.0,"turns":7.0},{"damage":14.0,"enemies":"Shelled Parasite and Fungi","floor":25.0,"turns":4.0},{"damage":9.0,"enemies":"Slavers","floor":30.0,"turns":7.0},{"damage":30.0,"enemies":"Champ","floor":33.0,"turns":10.0},{"damage":2.0,"enemies":"3 Darklings","floor":35.0,"turns":5.0},{"damage":0.0,"enemies":"3 Shapes","floor":39.0,"turns":8.0},{"damage":20.0,"enemies":"Giant Head","floor":40.0,"turns":12.0},{"damage":1,"enemies":"Nemesis","floor":42,"turns":7},{"damage":35,"enemies":"Giant Head","floor":44,"turns":9}],"seed_played":"-9055768533772897543","potions_obtained":[{"floor":0.0,"key":"Explosive Potion"},{"floor":0.0,"key":"CultistPotion"},{"floor":12.0,"key":"GamblersBrew"},{"floor":16.0,"key":"DuplicationPotion"},{"floor":21.0,"key":"Weak Potion"},{"floor":24.0,"key":"ColorlessPotion"},{"floor":25.0,"key":"EntropicBrew"},{"floor":30.0,"key":"Block Potion"},{"floor":33.0,"key":"AttackPotion"},{"floor":42,"key":"Energy Potion"}],"is_trial":false,"path_per_floor":["M","?","?","?","M","R","E","M","T","M","R","E","$","?","R","B",null,"M","M","$","M","M","R","E","M","T","R","?","$","E","?","R","B",null,"M","?","?","$","M","E","R","E","T","E"],"character_chosen":"THE_SILENT","basemod:card_modifiers":[null,null,null,null,null,null,null,null,null,null,null,null,null,null,null,null,null,null,null,null,null,null,null,null,null,null],"items_purchased":["Footwork","Fire Potion","Terror","Blur","Explosive Potion"],"campfire_rested":4,"item_purchase_floors":[13,13,13,38,38],"current_hp_per_floor":[56,56,45,45,45,45,28,28,28,19,38,21,21,26,26,26,60,60,55,55,29,5,26,23,9,9,30,30,30,21,17,38,8,55,53,53,53,53,53,33,33,32,32,0],"gold":122,"neow_bonus":"THREE_SMALL_POTIONS","is_prod":false,"is_daily":false,"chose_seed":false,"campfire_upgraded":3,"win_rate":0,"timestamp":1676469342,"path_taken":["M","?","?","?","?","R","E","M","T","M","R","E","$","?","R","BOSS","M","M","$","M","M","R","E","M","T","R","?","?","E","?","R","BOSS","M","?","?","$","M","E","R","E","T","E"],"build_version":"2022-12-18","purchased_purges":3,"victory":false,"max_hp_per_floor":[66,66,66,66,66,66,66,66,66,66,66,66,66,71,71,71,71,71,71,71,71,71,71,71,71,71,71,71,71,71,71,71,71,71,71,71,71,71,71,71,71,71,71,71],"relic_stats":{"Tough Bandages":[66],"counters":[20,116],"Prayer Wheel":0,"Cursed Key":1,"obtain_stats":[{"Lantern":7,"Tough Bandages":42,"Vajra":12,"Molten Egg 2":24,"Prayer Wheel":40,"Bag of Marbles":9,"Coffee Dripper":34,"Cursed Key":17,"Ring of the Snake":0,"Pocketwatch":30},{"Lantern":3,"Tough Bandages":19,"Vajra":6,"Molten Egg 2":12,"Prayer Wheel":18,"Bag of Marbles":4,"Coffee Dripper":15,"Cursed Key":7,"Ring of the Snake":0,"Pocketwatch":14},{"Lantern":14,"Tough Bandages":107,"Vajra":25,"Molten Egg 2":54,"Prayer Wheel":100,"Bag of Marbles":16,"Coffee Dripper":75,"Cursed Key":32,"Ring of the Snake":0,"Pocketwatch":65}],"Ring of the Snake":[42],"Pocketwatch":[18]},"card_choices":[{"not_picked":["Accuracy","Distraction"],"picked":"Underhanded Strike","floor":1.0},{"not_picked":["Distraction","Flying Knee"],"picked":"Slice","floor":5.0},{"not_picked":["Finisher","Flying Knee"],"picked":"Masterful Stab","floor":7.0},{"not_picked":["Quick Slash","Dodge and Roll"],"picked":"Endless Agony","floor":8.0},{"not_picked":["Cloak And Dagger","Concentrate"],"picked":"Crippling Poison","floor":10.0},{"not_picked":["Burst","Riddle With Holes"],"picked":"Backflip","floor":12.0},{"not_picked":["Envenom","Glass Knife"],"picked":"Malaise","floor":16.0},{"not_picked":["Deflect","Concentrate","Sucker Punch"],"picked":"SKIP","floor":18.0},{"not_picked":["Slice","Poisoned Stab+1","Bouncing Flask"],"picked":"SKIP","floor":19.0},{"not_picked":["Blade Dance","PiercingWail"],"picked":"Acrobatics","floor":21.0},{"not_picked":["Slice","Flechettes+1"],"picked":"Leg Sweep","floor":22.0},{"not_picked":["Malaise","Bane+1"],"picked":"Calculated Gamble","floor":24.0},{"not_picked":["Quick Slash+1","Slice+1"],"picked":"Backflip","floor":25.0},{"not_picked":["Dash+1","Backflip"],"picked":"Concentrate","floor":30.0},{"not_picked":["Doppelganger","Glass Knife+1"],"picked":"Night Terror","floor":33.0},{"not_picked":["Backflip","Cloak And Dagger"],"picked":"Prepared+1","floor":35.0},{"not_picked":["Choke+1","Poisoned Stab+1"],"picked":"Backflip+1","floor":39.0},{"not_picked":["Expertise","Caltrops","Dagger Throw+1"],"picked":"SKIP","floor":40.0},{"not_picked":["Storm of Steel","Dagger Spray+1","Backflip"],"picked":"SKIP","floor":42}],"player_experience":1421470,"relics_obtained":[{"floor":7.0,"key":"Lantern"},{"floor":9.0,"key":"Bag of Marbles"},{"floor":12.0,"key":"Vajra"},{"floor":24.0,"key":"Molten Egg 2"},{"floor":30.0,"key":"Pocketwatch"},{"floor":40.0,"key":"Prayer Wheel"},{"floor":42,"key":"Tough Bandages"}],"event_choices":[{"damage_healed":0.0,"max_hp_gain":0.0,"max_hp_loss":0.0,"gold_gain":0.0,"cards_transformed":["Defend_G"],"event_name":"Living Wall","player_choice":"Change","floor":2.0,"gold_loss":0.0,"damage_taken":0.0,"cards_obtained":["Sucker Punch"]},{"damage_healed":0.0,"max_hp_gain":0.0,"max_hp_loss":0.0,"gold_gain":75.0,"event_name":"World of Goop","player_choice":"Gather Gold","floor":3.0,"gold_loss":0.0,"damage_taken":11.0},{"cards_removed":["Defend_G"],"damage_healed":0.0,"max_hp_gain":0.0,"max_hp_loss":0.0,"gold_gain":0.0,"event_name":"Purifier","player_choice":"Purged","floor":4.0,"gold_loss":0.0,"damage_taken":0.0},{"damage_healed":0.0,"max_hp_gain":5.0,"max_hp_loss":0.0,"gold_gain":0.0,"event_name":"Big Fish","player_choice":"Donut","floor":14.0,"gold_loss":0.0,"damage_taken":0.0},{"damage_healed":0.0,"max_hp_gain":0.0,"max_hp_loss":0.0,"gold_gain":100.0,"event_name":"The Joust","player_choice":"Bet on Murderer","floor":28.0,"gold_loss":50.0,"damage_taken":0.0},{"damage_healed":0.0,"max_hp_gain":0.0,"max_hp_loss":0.0,"gold_gain":0.0,"event_name":"The Woman in Blue","player_choice":"Bought 0 Potions","floor":31.0,"gold_loss":0.0,"damage_taken":0.0},{"cards_removed":["Slice"],"damage_healed":0.0,"max_hp_gain":0.0,"max_hp_loss":0.0,"gold_gain":0.0,"event_name":"Falling","player_choice":"Removed Attack","floor":36.0,"gold_loss":0.0,"damage_taken":0.0},{"cards_removed":["Strike_G"],"damage_healed":0.0,"max_hp_gain":0.0,"max_hp_loss":0.0,"gold_gain":0.0,"event_name":"Purifier","player_choice":"Purged","floor":37.0,"gold_loss":0.0,"damage_taken":0.0}],"is_beta":false,"boss_relics":[{"not_picked":["SlaversCollar","Tiny House"],"picked":"Cursed Key"},{"not_picked":["Pandora\u0027s Box","Fusion Hammer"],"picked":"Coffee Dripper"}],"items_purged_floors":[13,20,38],"is_endless":false,"potions_floor_spawned":[1,12,16,21,24,25,30,33,40,42],"killed_by":"Giant Head","ascension_level":20}