{"gold_per_floor":[115,128,141,153,228,228],"floor_reached":6,"playtime":302,"items_purged":[],"score":76,"play_id":"6b35117e-ad41-4467-b59b-c84aeeab0709","local_time":"20230215091010","is_ascension_mode":true,"campfire_choices":[],"neow_cost":"TEN_PERCENT_HP_LOSS","seed_source_timestamp":24615911525700,"circlet_count":0,"master_deck":["AscendersBane","Strike_G","Strike_G","Strike_G","Strike_G","Strike_G","Defend_G","Defend_G","Defend_G","Defend_G","Defend_G","Survivor","Neutralize","Adrenaline","Riddle With Holes","Footwork","Crippling Poison","Masterful Stab"],"relics":["Ring of the Snake"],"potions_floor_usage":[6],"damage_taken":[{"damage":0,"enemies":"Cultist","floor":1,"turns":4},{"damage":0,"enemies":"Jaw Worm","floor":2,"turns":3},{"damage":0,"enemies":"2 Louse","floor":3,"turns":4},{"damage":2,"enemies":"Blue Slaver","floor":4,"turns":6},{"damage":48,"enemies":"Lagavulin","floor":6,"turns":11}],"seed_played":"4160226425764976425","potions_obtained":[{"floor":2,"key":"ColorlessPotion"}],"is_trial":false,"path_per_floor":["M","M","M","M","?","E"],"character_chosen":"THE_SILENT","basemod:card_modifiers":[null,null,null,null,null,null,null,null,null,null,null,null,null,null,null,null,null,null],"items_purchased":[],"campfire_rested":0,"item_purchase_floors":[],"current_hp_per_floor":[59,59,59,57,46,0],"gold":228,"neow_bonus":"THREE_RARE_CARDS","is_prod":false,"is_daily":false,"chose_seed":false,"campfire_upgraded":0,"win_rate":0,"timestamp":1676470210,"path_taken":["M","M","M","M","?","E"],"build_version":"2022-12-18","purchased_purges":0,"victory":false,"max_hp_per_floor":[60,60,60,60,60,60],"relic_stats":{"counters":[5,28],"obtain_stats":[{"Ring of the Snake":0},{"Ring of the Snake":0},{"Ring of the Snake":0}],"Ring of the Snake":[10]},"card_choices":[{"not_picked":["Venomology","Malaise"],"picked":"Adrenaline","floor":0},{"not_picked":["PiercingWail","Deadly Poison"],"picked":"Riddle With Holes","floor":1},{"not_picked":["Deadly Poison","Heel Hook"],"picked":"Footwork","floor":2},{"not_picked":["Prepared","Footwork"],"picked":"Crippling Poison","floor":3},{"not_picked":["Deflect","Accuracy"],"picked":"Masterful Stab","floor":4}],"player_experience":1424905,"relics_obtained":[],"event_choices":[{"damage_healed":0,"gold_gain":75,"player_choice":"Gather Gold","damage_taken":11,"max_hp_gain":0,"max_hp_loss":0,"event_name":"World of Goop","floor":5,"gold_loss":0}],"is_beta":false,"boss_relics":[],"items_purged_floors":[],"is_endless":false,"potions_floor_spawned":[2],"killed_by":"Lagavulin","ascension_level":20}