{"gold_per_floor":[110,127,127,137,148,148,173,173,173,187,59,59,88,88,88,162,162,176,193,212,51,66,66,101,101,101,112,127,97,109,139,139,139],"floor_reached":33,"playtime":1830,"items_purged":[],"score":648,"play_id":"d836d0b9-d208-42f7-a6d8-64ec22e2fa87","local_time":"20230218191300","is_ascension_mode":true,"campfire_choices":[{"data":"Glass Knife","floor":6,"key":"SMITH"},{"data":"Caltrops","floor":8,"key":"SMITH"},{"data":"Bouncing Flask","floor":15,"key":"SMITH"},{"data":"Acrobatics","floor":23,"key":"SMITH"},{"data":"Noxious Fumes","floor":25,"key":"SMITH"},{"floor":32,"key":"REST"}],"neow_cost":"TEN_PERCENT_HP_LOSS","seed_source_timestamp":318458973496100,"circlet_count":0,"master_deck":["AscendersBane","Strike_G","Defend_G","Defend_G","Defend_G","Defend_G","Defend_G","Survivor","Neutralize","Glass Knife+1","Dagger Throw","Terror","Masterful Stab","Crippling Poison","Caltrops+1","Bouncing Flask+1","Noxious Fumes+1","Leg Sweep","Burst","Deflect+1","Unload+1","Flying Knee+1","Escape Plan","Acrobatics+1","Catalyst+1","Backflip+1","PiercingWail","Acrobatics"],"relics":["Ring of the Snake","InkBottle","Gambling Chip","Thread and Needle","Astrolabe","Orrery","The Courier","Sundial","Pocketwatch"],"potions_floor_usage":[13,27,31,33],"damage_taken":[{"damage":0,"enemies":"2 Louse","floor":1,"turns":2},{"damage":0,"enemies":"Cultist","floor":2,"turns":3},{"damage":0,"enemies":"Small Slimes","floor":4,"turns":2},{"damage":0,"enemies":"3 Louse","floor":5,"turns":2},{"damage":6,"enemies":"Gremlin Nob","floor":7,"turns":3},{"damage":11,"enemies":"Looter","floor":10,"turns":3},{"damage":10,"enemies":"3 Sentries","floor":13,"turns":7},{"damage":10,"enemies":"The Guardian","floor":16,"turns":8},{"damage":5,"enemies":"Shell Parasite","floor":18,"turns":4},{"damage":0,"enemies":"3 Byrds","floor":19,"turns":2},{"damage":6,"enemies":"Snecko","floor":20,"turns":4},{"damage":4,"enemies":"Centurion and Healer","floor":22,"turns":6},{"damage":1,"enemies":"Gremlin Leader","floor":24,"turns":6},{"damage":0,"enemies":"Snake Plant","floor":27,"turns":3},{"damage":0,"enemies":"Cultist and Chosen","floor":28,"turns":5},{"damage":8,"enemies":"Centurion and Healer","floor":30,"turns":9},{"damage":55,"enemies":"Slavers","floor":31,"turns":8},{"damage":32,"enemies":"Collector","floor":33,"turns":3}],"seed_played":"1039028459948892887","potions_obtained":[{"floor":7,"key":"LiquidMemories"},{"floor":13,"key":"SteroidPotion"},{"floor":18,"key":"Swift Potion"},{"floor":19,"key":"Fire Potion"},{"floor":29,"key":"FairyPotion"},{"floor":31,"key":"Swift Potion"}],"is_trial":false,"path_per_floor":["M","M","?","M","M","R","E","R","T","M","$","?","E","?","R","B",null,"M","M","M","$","M","R","E","R","T","M","M","?","M","E","R","B"],"character_chosen":"THE_SILENT","basemod:card_modifiers":[null,null,null,null,null,null,null,null,null,null,null,null,null,null,null,null,null,null,null,null,null,null,null,null,null,null,null,null],"items_purchased":["Noxious Fumes","Fire Potion","Orrery"],"campfire_rested":1,"item_purchase_floors":[11,11,21],"current_hp_per_floor":[59,59,59,59,59,59,53,53,53,42,42,47,37,37,37,27,56,51,51,45,45,41,41,40,40,40,40,40,40,32,3,22,0],"gold":139,"neow_bonus":"THREE_RARE_CARDS","is_prod":false,"is_daily":false,"chose_seed":false,"campfire_upgraded":5,"win_rate":0,"timestamp":1676765580,"path_taken":["M","M","?","?","M","R","E","R","T","M","$","?","E","?","R","BOSS","M","M","M","$","M","R","E","R","T","M","?","?","?","E","R","BOSS"],"build_version":"2022-12-18","purchased_purges":0,"victory":false,"max_hp_per_floor":[60,60,60,60,60,60,60,60,60,60,60,65,65,65,65,65,65,65,65,65,65,65,65,65,65,65,65,65,65,65,65,65,65],"relic_stats":{"counters":[18,80],"Sundial":[2],"Gambling Chip":[48],"Astrolabe":["Deflect","Unload","Flying Knee"],"The Courier":0,"obtain_stats":[{"Sundial":26,"Gambling Chip":9,"Astrolabe":17,"Orrery":21,"Thread and Needle":13,"The Courier":24,"InkBottle":7,"Ring of the Snake":0,"Pocketwatch":31},{"Sundial":13,"Gambling Chip":5,"Astrolabe":8,"Orrery":11,"Thread and Needle":7,"The Courier":13,"InkBottle":5,"Ring of the Snake":0,"Pocketwatch":17},{"Sundial":52,"Gambling Chip":12,"Astrolabe":30,"Orrery":40,"Thread and Needle":22,"The Courier":52,"InkBottle":12,"Ring of the Snake":0,"Pocketwatch":77}],"InkBottle":[22],"Ring of the Snake":[36],"Pocketwatch":[0]},"card_choices":[{"not_picked":["Envenom","Night Terror"],"picked":"Glass Knife","floor":0},{"not_picked":["Quick Slash","Deflect"],"picked":"Dagger Throw","floor":1},{"not_picked":["Blur","Calculated Gamble"],"picked":"Terror","floor":2},{"not_picked":["Deflect","Dodge and Roll","Catalyst"],"picked":"SKIP","floor":4},{"not_picked":["Prepared","Outmaneuver"],"picked":"Crippling Poison","floor":5},{"not_picked":["Outmaneuver","Burst"],"picked":"Caltrops","floor":7},{"not_picked":["Flying Knee","Sucker Punch"],"picked":"Bouncing Flask","floor":10},{"not_picked":["Acrobatics","Flying Knee"],"picked":"Leg Sweep","floor":13},{"not_picked":["A Thousand Cuts","Storm of Steel"],"picked":"Burst","floor":16},{"not_picked":["Deflect","Caltrops"],"picked":"Escape Plan","floor":18},{"not_picked":["Deflect","Flying Knee","Blade Dance"],"picked":"SKIP","floor":19},{"not_picked":["Heel Hook","Outmaneuver+1","All Out Attack"],"picked":"SKIP","floor":20},{"not_picked":["Bane","Doppelganger"],"picked":"Acrobatics","floor":21},{"not_picked":["Outmaneuver+1","Bouncing Flask"],"picked":"Catalyst+1","floor":21},{"not_picked":["Blade Dance","Backstab","Infinite Blades"],"picked":"SKIP","floor":22},{"not_picked":["Slice","Dash","Accuracy"],"picked":"SKIP","floor":24},{"not_picked":["Eviscerate","Deadly Poison"],"picked":"Backflip+1","floor":27},{"not_picked":["Sucker Punch+1","Deflect"],"picked":"PiercingWail","floor":28},{"not_picked":["Underhanded Strike","Backflip"],"picked":"Acrobatics","floor":30},{"not_picked":["Quick Slash","Dagger Throw","Setup"],"picked":"SKIP","floor":31}],"player_experience":1445847,"relics_obtained":[{"floor":7,"key":"InkBottle"},{"floor":9,"key":"Gambling Chip"},{"floor":13,"key":"Thread and Needle"},{"floor":24,"key":"The Courier"},{"floor":26,"key":"Sundial"},{"floor":31,"key":"Pocketwatch"}],"event_choices":[{"damage_healed":0,"gold_gain":0,"player_choice":"1 cards matched","damage_taken":0,"max_hp_gain":0,"max_hp_loss":0,"event_name":"Match and Keep!","floor":3,"gold_loss":0,"cards_obtained":["Masterful Stab"]},{"damage_healed":0,"gold_gain":0,"player_choice":"Donut","damage_taken":0,"max_hp_gain":5,"max_hp_loss":0,"event_name":"Big Fish","floor":12,"gold_loss":0},{"cards_removed":["Strike_G"],"damage_healed":0,"gold_gain":0,"player_choice":"Purged","damage_taken":0,"max_hp_gain":0,"max_hp_loss":0,"event_name":"Purifier","floor":14,"gold_loss":0},{"damage_healed":0,"gold_gain":0,"player_choice":"Bought 2 Potions","damage_taken":0,"max_hp_gain":0,"max_hp_loss":0,"event_name":"The Woman in Blue","floor":29,"gold_loss":0}],"is_beta":false,"boss_relics":[{"not_picked":["Ectoplasm","SlaversCollar"],"picked":"Astrolabe"}],"items_purged_floors":[],"is_endless":false,"potions_floor_spawned":[7,13,18,19,31],"killed_by":"Collector","ascension_level":20}