{"gold_per_floor":[109,109,125,138,138,138,169,169,249,278,293,310,360,380,380,380],"floor_reached":16,"playtime":709,"items_purged":[],"score":224,"play_id":"be21d7f4-f07e-4222-92a4-520b004e9332","local_time":"20230216204434","is_ascension_mode":true,"campfire_choices":[{"data":"Poisoned Stab","floor":6,"key":"SMITH"},{"floor":8,"key":"REST"},{"floor":15,"key":"REST"}],"neow_cost":"NONE","seed_source_timestamp":152275881663700,"circlet_count":0,"master_deck":["AscendersBane","Strike_G","Strike_G","Strike_G","Strike_G+1","Strike_G","Defend_G","Defend_G","Defend_G","Survivor","Neutralize","Poisoned Stab+1","Prepared","Slice+1","Tactician","Terror","Underhanded Strike","Dash","Dash"],"relics":["WristBlade","Whetstone","Boot"],"potions_floor_usage":[7,12],"damage_taken":[{"damage":6,"enemies":"Jaw Worm","floor":1,"turns":4},{"damage":0,"enemies":"Cultist","floor":3,"turns":4},{"damage":0,"enemies":"2 Louse","floor":4,"turns":4},{"damage":23,"enemies":"Lagavulin","floor":7,"turns":6},{"damage":22,"enemies":"3 Sentries","floor":10,"turns":8},{"damage":12,"enemies":"Large Slime","floor":11,"turns":6},{"damage":5,"enemies":"Gremlin Gang","floor":12,"turns":4},{"damage":1,"enemies":"2 Fungi Beasts","floor":14,"turns":3},{"damage":23,"enemies":"Slime Boss","floor":16,"turns":3}],"seed_played":"-1352665620597399532","potions_obtained":[{"floor":1,"key":"PowerPotion"},{"floor":7,"key":"BlessingOfTheForge"}],"is_trial":false,"path_per_floor":["M","?","M","M","?","R","E","R","T","E","M","M","?","M","R","B"],"character_chosen":"THE_SILENT","basemod:card_modifiers":[null,null,null,null,null,null,null,null,null,null,null,null,null,null,null,null,null,null,null],"items_purchased":[],"campfire_rested":2,"item_purchase_floors":[],"current_hp_per_floor":[53,53,53,53,46,46,23,42,42,20,8,3,3,2,21,0],"gold":380,"neow_bonus":"BOSS_RELIC","is_prod":false,"is_daily":false,"chose_seed":false,"campfire_upgraded":1,"win_rate":0,"timestamp":1676598274,"path_taken":["M","?","M","?","?","R","E","R","T","E","M","M","?","M","R","BOSS"],"build_version":"2022-12-18","purchased_purges":0,"victory":false,"max_hp_per_floor":[66,66,66,66,66,66,66,66,66,66,66,66,66,66,66,66],"relic_stats":{"counters":[9,42],"Whetstone":["Strike_G","Slice"],"Boot":[1],"obtain_stats":[{"WristBlade":0,"Whetstone":7,"Boot":10,"Ring of the Snake":0},{"WristBlade":0,"Whetstone":4,"Boot":5,"Ring of the Snake":0},{"WristBlade":0,"Whetstone":18,"Boot":26,"Ring of the Snake":0}]},"card_choices":[{"not_picked":["Heel Hook","Outmaneuver"],"picked":"Poisoned Stab","floor":1},{"not_picked":["Outmaneuver","Prepared","PiercingWail"],"picked":"SKIP","floor":3},{"not_picked":["Noxious Fumes","Acrobatics"],"picked":"Slice","floor":4},{"not_picked":["Skewer","Prepared"],"picked":"Tactician","floor":7},{"not_picked":["Blur","Escape Plan"],"picked":"Terror","floor":10},{"not_picked":["Tactician","Quick Slash"],"picked":"Underhanded Strike","floor":11},{"not_picked":["Blur","Concentrate"],"picked":"Dash","floor":12},{"not_picked":["Quick Slash","Tactician"],"picked":"Dash","floor":14}],"player_experience":1428133,"relics_obtained":[{"floor":7,"key":"Whetstone"},{"floor":10,"key":"Boot"}],"event_choices":[{"damage_healed":0,"gold_gain":0,"cards_transformed":["Defend_G"],"player_choice":"Transformed","damage_taken":0,"max_hp_gain":0,"max_hp_loss":0,"event_name":"Transmorgrifier","floor":2,"gold_loss":0,"cards_obtained":["Prepared"]},{"cards_removed":["Defend_G"],"damage_healed":0,"gold_gain":0,"player_choice":"Card Removal","damage_taken":7,"max_hp_gain":0,"max_hp_loss":0,"event_name":"Golden Wing","floor":5,"gold_loss":0},{"damage_healed":0,"gold_gain":50,"player_choice":"Pray","damage_taken":0,"max_hp_gain":0,"max_hp_loss":0,"event_name":"Golden Shrine","floor":13,"gold_loss":0}],"is_beta":false,"boss_relics":[],"items_purged_floors":[],"is_endless":false,"potions_floor_spawned":[1,7],"killed_by":"Slime Boss","ascension_level":20}