{"gold_per_floor":[116,116,136,61,78,78,91,116,140,140,152,152,152,52,52,52],"floor_reached":16,"playtime":547,"items_purged":["Regret","Strike_G"],"score":200,"play_id":"3f71697b-58ea-41ae-ac5d-f7455b40217f","local_time":"20230215090458","is_ascension_mode":true,"campfire_choices":[{"data":"Dash","floor":6,"key":"SMITH"},{"floor":10,"key":"REST"},{"data":"Prepared","floor":15,"key":"SMITH"}],"neow_cost":"CURSE","seed_source_timestamp":24059328142000,"circlet_count":0,"master_deck":["AscendersBane","Strike_G","Strike_G","Strike_G","Strike_G","Defend_G","Defend_G","Defend_G","Defend_G","Survivor","Neutralize","Grand Finale","Dash+1","Tactician","Poisoned Stab","Prepared+1","Dagger Throw","After Image","All Out Attack","Underhanded Strike"],"relics":["Ring of the Snake","Dream Catcher","Blood Vial","Happy Flower"],"potions_floor_usage":[8,8,16],"damage_taken":[{"damage":11,"enemies":"Small Slimes","floor":1,"turns":5},{"damage":6,"enemies":"Jaw Worm","floor":3,"turns":5},{"damage":1,"enemies":"2 Louse","floor":5,"turns":3},{"damage":9,"enemies":"Large Slime","floor":7,"turns":6},{"damage":24,"enemies":"Lagavulin","floor":8,"turns":6},{"damage":1,"enemies":"Exordium Thugs","floor":11,"turns":5},{"damage":34,"enemies":"Slime Boss","floor":16,"turns":6}],"seed_played":"-6553906896330319311","potions_obtained":[{"floor":1,"key":"EntropicBrew"}],"is_trial":false,"path_per_floor":["M","?","M","$","M","R","M","E","T","R","M","?","?","$","R","B"],"character_chosen":"THE_SILENT","basemod:card_modifiers":[null,null,null,null,null,null,null,null,null,null,null,null,null,null,null,null,null,null,null,null],"items_purchased":[],"campfire_rested":1,"item_purchase_floors":[],"current_hp_per_floor":[48,48,42,42,41,41,32,8,8,27,28,28,28,28,28,0],"gold":52,"neow_bonus":"THREE_RARE_CARDS","is_prod":false,"is_daily":false,"chose_seed":false,"campfire_upgraded":2,"win_rate":0,"timestamp":1676469898,"path_taken":["M","?","M","$","M","R","M","E","T","R","M","?","?","?","R","BOSS"],"build_version":"2022-12-18","purchased_purges":2,"victory":false,"max_hp_per_floor":[66,66,66,66,66,66,66,66,66,66,66,66,66,66,66,66],"relic_stats":{"Blood Vial":4,"Dream Catcher":1,"Happy Flower":[2],"counters":[7,36],"obtain_stats":[{"Blood Vial":9,"Dream Catcher":8,"Happy Flower":12,"Ring of the Snake":0},{"Blood Vial":5,"Dream Catcher":5,"Happy Flower":6,"Ring of the Snake":0},{"Blood Vial":25,"Dream Catcher":25,"Happy Flower":30,"Ring of the Snake":0}],"Ring of the Snake":[14]},"card_choices":[{"not_picked":["Unload","Burst"],"picked":"Grand Finale","floor":0},{"not_picked":["PiercingWail","Dodge and Roll"],"picked":"Dash","floor":1},{"not_picked":["PiercingWail","Deflect"],"picked":"Poisoned Stab","floor":3},{"not_picked":["Poisoned Stab","Leg Sweep"],"picked":"Prepared","floor":5},{"not_picked":["Underhanded Strike","Slice"],"picked":"Dagger Throw","floor":7},{"not_picked":["Blade Dance","Deflect"],"picked":"After Image","floor":8},{"not_picked":["Outmaneuver","Deadly Poison"],"picked":"All Out Attack","floor":10},{"not_picked":["Outmaneuver","Poisoned Stab"],"picked":"Underhanded Strike","floor":11}],"player_experience":1424358,"relics_obtained":[{"floor":8,"key":"Dream Catcher"},{"floor":9,"key":"Blood Vial"}],"event_choices":[{"damage_healed":0,"gold_gain":0,"cards_transformed":["Defend_G"],"player_choice":"Change","damage_taken":0,"max_hp_gain":0,"max_hp_loss":0,"event_name":"Living Wall","floor":2,"gold_loss":0,"cards_obtained":["Tactician"]},{"damage_healed":0,"gold_gain":0,"player_choice":"Searched \u00271\u0027 times","damage_taken":0,"relics_obtained":["Happy Flower"],"max_hp_gain":0,"max_hp_loss":0,"event_name":"Dead Adventurer","floor":12,"gold_loss":0},{"damage_healed":0,"gold_gain":0,"player_choice":"Ignored","damage_taken":0,"max_hp_gain":0,"max_hp_loss":0,"event_name":"Liars Game","floor":13,"gold_loss":0}],"is_beta":false,"boss_relics":[],"items_purged_floors":[4,14],"is_endless":false,"potions_floor_spawned":[1],"killed_by":"Slime Boss","ascension_level":20}