{"gold_per_floor":[215,233,62,72,72,72,37,70,70,83,101,101,134,134],"floor_reached":14,"playtime":697,"items_purged":[],"score":200,"play_id":"4fbde90a-ce74-459b-9aad-2737f9b7f08d","local_time":"20230304091415","is_ascension_mode":true,"campfire_choices":[{"data":"Quick Slash","floor":6,"key":"SMITH"},{"floor":12,"key":"REST"}],"neow_cost":"NONE","seed_source_timestamp":1493266408217600,"circlet_count":0,"master_deck":["AscendersBane","Strike_G","Strike_G","Strike_G+1","Strike_G","Strike_G","Defend_G","Defend_G","Defend_G+1","Defend_G","Defend_G","Survivor","Neutralize","Backflip","Quick Slash+1","Calculated Gamble","Tactician","Acrobatics","Dagger Throw","Tactician","Deadly Poison"],"relics":["Ring of the Snake","White Beast Statue","Matryoshka","Eternal Feather"],"potions_floor_usage":[8,13,13],"damage_taken":[{"damage":0,"enemies":"Small Slimes","floor":1,"turns":4},{"damage":0,"enemies":"2 Louse","floor":2,"turns":4},{"damage":2,"enemies":"Jaw Worm","floor":4,"turns":5},{"damage":36,"enemies":"Gremlin Nob","floor":8,"turns":4},{"damage":0,"enemies":"Looter","floor":10,"turns":3},{"damage":7,"enemies":"Lots of Slimes","floor":11,"turns":6},{"damage":7,"enemies":"3 Sentries","floor":13,"turns":8},{"damage":22,"enemies":"Large Slime","floor":14,"turns":6}],"seed_played":"2717760215431916637","potions_obtained":[{"floor":1,"key":"LiquidBronze"},{"floor":10,"key":"SteroidPotion"},{"floor":11,"key":"GamblersBrew"},{"floor":13,"key":"CultistPotion"}],"is_trial":false,"path_per_floor":["M","M","$","M","?","R","?","E","T","M","M","R","E","M"],"character_chosen":"THE_SILENT","basemod:card_modifiers":[null,null,null,null,null,null,null,null,null,null,null,null,null,null,null,null,null,null,null,null,null],"items_purchased":["Calculated Gamble","Tactician"],"campfire_rested":1,"item_purchase_floors":[3,3],"current_hp_per_floor":[59,59,59,57,37,37,53,17,17,17,10,29,22,0],"gold":134,"neow_bonus":"HUNDRED_GOLD","is_prod":false,"is_daily":false,"chose_seed":false,"campfire_upgraded":1,"win_rate":0,"timestamp":1677939255,"path_taken":["M","M","$","M","?","R","?","E","T","M","M","R","E","M"],"build_version":"2022-12-18","purchased_purges":0,"victory":false,"max_hp_per_floor":[66,66,66,66,66,66,66,66,66,66,66,66,66,66],"relic_stats":{"Matryoshka":0,"counters":[8,40],"Eternal Feather":0,"obtain_stats":[{"Matryoshka":9,"Eternal Feather":13,"White Beast Statue":8,"Ring of the Snake":0},{"Matryoshka":4,"Eternal Feather":7,"White Beast Statue":4,"Ring of the Snake":0},{"Matryoshka":17,"Eternal Feather":34,"White Beast Statue":17,"Ring of the Snake":0}],"White Beast Statue":[0.0,0.0,0.0,0.12000000000000002,0.0,0.5280000000000001,0.0,0.32800000000000007,0.0,0.024000000000000007,0.0,1.7440000000000002],"Ring of the Snake":[16]},"card_choices":[{"not_picked":["Infinite Blades","Setup"],"picked":"Backflip","floor":1},{"not_picked":["Dagger Spray","PiercingWail"],"picked":"Quick Slash","floor":2},{"not_picked":["Flying Knee","Accuracy"],"picked":"Acrobatics","floor":4},{"not_picked":["Sucker Punch","PiercingWail"],"picked":"Dagger Throw","floor":8},{"not_picked":["Slice","Deflect"],"picked":"Tactician","floor":10},{"not_picked":["Riddle With Holes","Bouncing Flask"],"picked":"Deadly Poison","floor":11},{"not_picked":["Terror","Storm of Steel","Glass Knife"],"picked":"SKIP","floor":13}],"player_experience":1483631,"relics_obtained":[{"floor":8,"key":"White Beast Statue"},{"floor":9,"key":"Matryoshka"},{"floor":13,"key":"Eternal Feather"}],"event_choices":[{"damage_healed":0,"gold_gain":0,"player_choice":"Entered Light","damage_taken":20,"max_hp_gain":0,"max_hp_loss":0,"event_name":"Shining Light","floor":5,"gold_loss":0,"cards_upgraded":["Strike_G","Defend_G"]},{"damage_healed":16,"gold_gain":0,"player_choice":"Healed","damage_taken":0,"max_hp_gain":0,"max_hp_loss":0,"event_name":"The Cleric","floor":7,"gold_loss":35}],"is_beta":false,"boss_relics":[],"items_purged_floors":[],"is_endless":false,"potions_floor_spawned":[1,10,11,13],"killed_by":"Large Slime","ascension_level":20}