{"potions_obtained_entropic_brew":[[],[],[],[],[],[],[],[],[],[],[],[],[],[],[],[],[],[],[],[],[],[],[]],"gold_per_floor":[110,126,106,118,131,131,144,175,175,175,50,84,94,110,110,181,181,191,207,241,241,256,256],"floor_reached":23,"playtime":1275,"items_purged":["Flex"],"score":460,"play_id":"21b14fea-1da8-4f2f-b1d6-14710a19d0e5","local_time":"20230311182836","daily_mods":["SealedDeck","Diverse"],"score_breakdown":["Floors Climbed (23): 115","Enemies Slain (10): 20","Exordium Elites Killed (2): 20","City Elites Killed (0): 0","Bosses Slain (1): 50","Champion (1): 25","Ascension (20): 230"],"is_ascension_mode":true,"potions_obtained_alchemize":[[],[],[],[],[],[],[],[],[],[],[],[],[],[],[],[],[],[],[],[],[],[],[]],"campfire_choices":[{"data":"Reprogram","floor":6,"key":"SMITH"},{"data":"Reprogram","floor":15,"key":"SMITH"}],"lesson_learned_per_floor":[[],[],[],[],[],[],[],[],[],[],[],[],[],[],[],[],[],[],[],[],[],[],[]],"neow_cost":"","improvable_cards":{},"seed_source_timestamp":0,"shop_contents":[{"floor":11,"relics":["Bronze Scales","Frozen Egg 2","Sling"],"cards":["Weave","Dagger Spray","ForeignInfluence","Fire Breathing","Dramatic Entrance","Magnetism"],"potions":["FearPotion","CultistPotion","EssenceOfSteel"]}],"circlet_count":0,"master_deck":["AscendersBane","Twin Strike","Metallicize","Flame Barrier","Quick Slash","Underhanded Strike","Recycle","Acrobatics","Dagger Spray","True Grit","Reprogram+1","Shrug It Off","Reprogram+1","Blade Dance","Sanctity","Acrobatics","Echo Form","Eviscerate","Corruption"],"special_seed":0,"potion_use_per_floor":[[],[],[],["Explosive Potion"],[],[],[],["DistilledChaos"],[],[],[],["Ancient Potion"],["SkillPotion"],[],[],[],[],[],["SkillPotion"],[],[],[],[]],"relics":["Ring of the Snake","Pocketwatch","Darkstone Periapt","Omamori","Boot","HoveringKite","Red Mask"],"potions_floor_usage":[8,12,13,19],"damage_taken":[{"damage":2.0,"enemies":"Small Slimes","floor":1.0,"turns":3.0},{"damage":0.0,"enemies":"Cultist","floor":2.0,"turns":3.0},{"damage":0.0,"enemies":"Jaw Worm","floor":4.0,"turns":3.0},{"damage":9,"enemies":"2 Fungi Beasts","floor":5,"turns":2},{"damage":0,"enemies":"3 Louse","floor":7,"turns":1},{"damage":0,"enemies":"3 Sentries","floor":8,"turns":4},{"damage":8,"enemies":"Gremlin Nob","floor":12,"turns":3},{"damage":0,"enemies":"Large Slime","floor":13,"turns":4},{"damage":0,"enemies":"Exordium Wildlife","floor":14,"turns":2},{"damage":35,"enemies":"Slime Boss","floor":16,"turns":8},{"damage":11,"enemies":"Spheric Guardian","floor":18,"turns":3},{"damage":0,"enemies":"Chosen","floor":19,"turns":6},{"damage":14,"enemies":"Masked Bandits","floor":20,"turns":4},{"damage":13,"enemies":"Centurion and Healer","floor":22,"turns":5},{"damage":13,"enemies":"Book of Stabbing","floor":23,"turns":2}],"seed_played":"1295817968035235282","potions_obtained":[{"floor":2.0,"key":"DistilledChaos"},{"floor":3.0,"key":"Explosive Potion"},{"floor":7,"key":"Ancient Potion"},{"floor":12,"key":"SkillPotion"},{"floor":18,"key":"SkillPotion"},{"floor":20,"key":"Explosive Potion"}],"is_trial":true,"path_per_floor":["M","M","?","M","M","R","M","E","T","T","$","E","M","M","R","B",null,"M","M","?","?","M","E"],"character_chosen":"THE_SILENT","basemod:card_modifiers":[null,null,null,null,null,null,null,null,null,null,null,null,null,null,null,null,null,null,null],"items_purchased":["Blade Dance"],"campfire_rested":0,"item_purchase_floors":[11],"current_hp_per_floor":[57,57,57,57,48,48,48,48,48,48,48,40,40,40,40,5,51,40,40,26,26,13,0],"gold":256,"neow_bonus":"","is_prod":false,"is_daily":false,"rewards_skipped":[],"chose_seed":false,"campfire_upgraded":2,"win_rate":0,"floor_exit_playtime":[147,185,191,263,312,323,353,471,473,477,503,563,643,682,690,838,853,919,1018,1123,1149,1233],"timestamp":1678577316,"path_taken":["M","M","?","?","?","R","M","E","T","?","?","E","M","M","R","BOSS","M","M","?","?","M","E"],"build_version":"2022-12-18","purchased_purges":1,"victory":false,"max_hp_per_floor":[66,66,66,66,66,66,66,66,66,66,66,66,66,66,66,66,66,66,66,66,66,66,66],"relic_stats":{"Darkstone Periapt":0,"counters":[15,53],"HoveringKite":[9],"Omamori":0,"Boot":[4],"obtain_stats":[{"Darkstone Periapt":9,"HoveringKite":17,"Omamori":10,"Red Mask":20,"Boot":12,"Ring of the Snake":0,"Pocketwatch":8},{"Darkstone Periapt":6,"HoveringKite":10,"Omamori":6,"Red Mask":13,"Boot":7,"Ring of the Snake":0,"Pocketwatch":6},{"Darkstone Periapt":16,"HoveringKite":33,"Omamori":16,"Red Mask":46,"Boot":19,"Ring of the Snake":0,"Pocketwatch":16}],"Ring of the Snake":[30],"Pocketwatch":[36]},"card_choices":[{"not_picked":["SandsOfTime","Compile Driver"],"picked":"Reprogram","floor":1.0},{"not_picked":["Twin Strike","Sucker Punch","Quick Slash"],"picked":"SKIP","floor":2.0},{"not_picked":["Flex","Intimidate","Ball Lightning"],"picked":"SKIP","floor":4},{"not_picked":["Flex","Melter"],"picked":"Shrug It Off","floor":5},{"not_picked":["Shrug It Off","Terror"],"picked":"Reprogram","floor":7},{"not_picked":["Wish","Dagger Spray","Beam Cell"],"picked":"SKIP","floor":8},{"not_picked":["Adaptation","ForeignInfluence"],"picked":"Sanctity","floor":12},{"not_picked":["Fasting2","EmptyFist"],"picked":"Acrobatics","floor":13},{"not_picked":["Catalyst","PathToVictory","Leg Sweep"],"picked":"SKIP","floor":14},{"not_picked":["Demon Form","Omniscience"],"picked":"Echo Form","floor":16},{"not_picked":["WheelKick","White Noise+1","EmptyFist"],"picked":"SKIP","floor":18},{"not_picked":["Stack","FollowUp","Compile Driver"],"picked":"SKIP","floor":19},{"not_picked":["Rupture","Havoc"],"picked":"Eviscerate","floor":20},{"not_picked":["Cloak And Dagger","Gash","EmptyBody","EmptyFist","Chill","Blizzard","Pommel Strike","Rebound","Poisoned Stab","Prepared","Leap","Anger","Sunder","Demon Form","BattleHymn","Rage","Accuracy","Pummel","Conserve Battery"],"picked":"Corruption","floor":21},{"not_picked":["Dagger Spray+1","Thunderclap","Streamline"],"picked":"SKIP","floor":22}],"player_experience":1552816,"relics_obtained":[{"floor":8,"key":"Pocketwatch"},{"floor":9,"key":"Darkstone Periapt"},{"floor":10,"key":"Omamori"},{"floor":12,"key":"Boot"},{"floor":20,"key":"Red Mask"}],"event_choices":[{"damage_healed":0.0,"max_hp_gain":0.0,"max_hp_loss":0.0,"gold_gain":0.0,"event_name":"The Woman in Blue","player_choice":"Bought 1 Potion","floor":3.0,"gold_loss":0.0,"damage_taken":0.0},{"damage_healed":0,"gold_gain":0,"player_choice":"Fought Bandits","damage_taken":0,"max_hp_gain":0,"max_hp_loss":0,"event_name":"Masked Bandits","floor":20,"gold_loss":0},{"damage_healed":0,"gold_gain":0,"player_choice":"Read","damage_taken":0,"max_hp_gain":0,"max_hp_loss":0,"event_name":"The Library","floor":21,"gold_loss":0,"cards_obtained":["Corruption"]}],"is_beta":false,"boss_relics":[{"not_picked":["Coffee Dripper","Ectoplasm"],"picked":"HoveringKite"}],"items_purged_floors":[11],"is_endless":false,"potions_floor_spawned":[2,7,12,18,20],"killed_by":"Book of Stabbing","ascension_level":20,"potion_discard_per_floor":[[],[],[],[],[],[],[],[],[],[],[],[],[],[],[],[],[],[],[],[],[],[],[]]}