{"gold_per_floor":[116,134,1,18,18,18,50,50,77,104,119,119,119,144,144,144],"floor_reached":16,"playtime":576,"items_purged":["Defend_G"],"score":236,"play_id":"700ab923-6118-43a0-ac30-4f4ae9cc9f58","local_time":"20230306224131","is_ascension_mode":true,"campfire_choices":[{"data":"Noxious Fumes","floor":6,"key":"SMITH"},{"data":"Blade Dance","floor":8,"key":"SMITH"},{"data":"Prepared","floor":13,"key":"SMITH"},{"data":"Calculated Gamble","floor":15,"key":"SMITH"}],"neow_cost":"TEN_PERCENT_HP_LOSS","seed_source_timestamp":1714598007655900,"circlet_count":0,"master_deck":["AscendersBane","Strike_G","Strike_G","Strike_G","Strike_G","Strike_G","Defend_G","Defend_G","Defend_G","Defend_G","Survivor","Neutralize","Phantasmal Killer+1","Noxious Fumes+1","Blade Dance","Blade Dance+1","Calculated Gamble+1","Corpse Explosion","Tactician","Prepared+1","Footwork"],"special_seed":0,"relics":["Ring of the Snake","Toy Ornithopter","Oddly Smooth Stone","Art of War","Orichalcum"],"potions_floor_usage":[10,14],"damage_taken":[{"damage":4.0,"enemies":"Cultist","floor":1.0,"turns":5.0},{"damage":1.0,"enemies":"2 Louse","floor":2.0,"turns":4.0},{"damage":0,"enemies":"Small Slimes","floor":4,"turns":4},{"damage":20,"enemies":"3 Sentries","floor":7,"turns":6},{"damage":10,"enemies":"Gremlin Nob","floor":10,"turns":3},{"damage":0,"enemies":"Looter","floor":11,"turns":3},{"damage":15,"enemies":"Lagavulin","floor":14,"turns":5},{"damage":39,"enemies":"Slime Boss","floor":16,"turns":6}],"seed_played":"-3643744473636689048","potions_obtained":[{"floor":4,"key":"CultistPotion"},{"floor":7,"key":"DistilledChaos"}],"is_trial":false,"path_per_floor":["M","M","$","M","?","R","E","R","T","E","M","?","R","E","R","B"],"character_chosen":"THE_SILENT","basemod:card_modifiers":[null,null,null,null,null,null,null,null,null,null,null,null,null,null,null,null,null,null,null,null,null],"items_purchased":["Blade Dance"],"campfire_rested":0,"item_purchase_floors":[3],"current_hp_per_floor":[55,54,54,54,54,54,34,34,34,29,29,34,34,24,24,0],"gold":144,"neow_bonus":"THREE_RARE_CARDS","is_prod":false,"is_daily":false,"chose_seed":false,"campfire_upgraded":4,"win_rate":0,"timestamp":1678160491,"path_taken":["M","M","?","M","?","R","E","R","T","E","M","?","R","E","R","BOSS"],"build_version":"2022-12-18","purchased_purges":1,"victory":false,"max_hp_per_floor":[60,60,60,60,60,60,60,60,60,60,60,65,65,65,65,65],"relic_stats":{"counters":[8,36],"Art of War":[5],"Orichalcum":[24],"obtain_stats":[{"Oddly Smooth Stone":9,"Art of War":10,"Orichalcum":14,"Toy Ornithopter":7,"Ring of the Snake":0},{"Oddly Smooth Stone":4,"Art of War":5,"Orichalcum":7,"Toy Ornithopter":4,"Ring of the Snake":0},{"Oddly Smooth Stone":19,"Art of War":22,"Orichalcum":30,"Toy Ornithopter":19,"Ring of the Snake":0}],"Toy Ornithopter":10,"Ring of the Snake":[16]},"card_choices":[{"not_picked":["Burst","Bullet Time"],"picked":"Phantasmal Killer","floor":0.0},{"not_picked":["Deflect","Eviscerate"],"picked":"Noxious Fumes","floor":1.0},{"not_picked":["Infinite Blades","PiercingWail"],"picked":"Blade Dance","floor":2.0},{"not_picked":["Blur","Concentrate"],"picked":"Calculated Gamble","floor":4},{"not_picked":["Bane","Terror"],"picked":"Corpse Explosion","floor":7},{"not_picked":["Dagger Spray","Heel Hook"],"picked":"Tactician","floor":10},{"not_picked":["Blade Dance","Footwork"],"picked":"Prepared","floor":11},{"not_picked":["All Out Attack","Setup"],"picked":"Footwork","floor":14}],"player_experience":1495123,"relics_obtained":[{"floor":7,"key":"Toy Ornithopter"},{"floor":9,"key":"Oddly Smooth Stone"},{"floor":10,"key":"Art of War"},{"floor":14,"key":"Orichalcum"}],"event_choices":[{"damage_healed":0,"gold_gain":0,"player_choice":"Grow","damage_taken":0,"max_hp_gain":0,"max_hp_loss":0,"event_name":"Living Wall","floor":5,"gold_loss":0,"cards_upgraded":["Phantasmal Killer"]},{"damage_healed":0,"gold_gain":0,"player_choice":"Donut","damage_taken":0,"max_hp_gain":5,"max_hp_loss":0,"event_name":"Big Fish","floor":12,"gold_loss":0}],"is_beta":false,"boss_relics":[],"items_purged_floors":[3],"is_endless":false,"potions_floor_spawned":[4,7],"killed_by":"Slime Boss","ascension_level":20}