{"gold_per_floor":[116,135,135,135,148,148,164,182,206,236,248,248,248,260,260,260],"floor_reached":16,"playtime":638,"items_purged":[],"score":208,"play_id":"dfae8e81-f249-49d7-851f-b1f43af48946","local_time":"20230309174645","is_ascension_mode":true,"campfire_choices":[{"data":"Acrobatics","floor":6,"key":"SMITH"},{"data":"Dagger Spray","floor":13,"key":"SMITH"},{"data":"Footwork","floor":15,"key":"SMITH"}],"neow_cost":"NONE","seed_source_timestamp":1956075887762400,"circlet_count":0,"master_deck":["AscendersBane","Strike_G","Strike_G+1","Strike_G","Defend_G","Defend_G","Defend_G","Defend_G","Defend_G","Survivor","Neutralize","Dramatic Entrance+1","Catalyst","Acrobatics+1","Dagger Spray+1","Quick Slash","Footwork+1","Slice","Predator","Backflip"],"relics":["Ring of the Snake","Toy Ornithopter","Boot"],"potions_floor_usage":[10],"damage_taken":[{"damage":0,"enemies":"Small Slimes","floor":1,"turns":2},{"damage":0,"enemies":"Jaw Worm","floor":2,"turns":5},{"damage":0,"enemies":"2 Louse","floor":5,"turns":2},{"damage":0,"enemies":"Exordium Wildlife","floor":7,"turns":7},{"damage":0,"enemies":"3 Louse","floor":8,"turns":2},{"damage":17,"enemies":"3 Sentries","floor":10,"turns":5},{"damage":4,"enemies":"Large Slime","floor":11,"turns":5},{"damage":0,"enemies":"Exordium Thugs","floor":14,"turns":3},{"damage":45,"enemies":"Hexaghost","floor":16,"turns":13}],"seed_played":"-3486744673166016861","potions_obtained":[{"floor":1,"key":"FairyPotion"},{"floor":2,"key":"SpeedPotion"},{"floor":8,"key":"BlessingOfTheForge"}],"is_trial":false,"path_per_floor":["M","M","?","?","M","R","M","M","T","E","M","?","R","M","R","B"],"character_chosen":"THE_SILENT","basemod:card_modifiers":[null,null,null,null,null,null,null,null,null,null,null,null,null,null,null,null,null,null,null,null],"items_purchased":[],"campfire_rested":0,"item_purchase_floors":[],"current_hp_per_floor":[59,59,39,32,32,32,32,32,32,20,16,16,16,16,16,0],"gold":260,"neow_bonus":"RANDOM_COLORLESS","is_prod":false,"is_daily":false,"chose_seed":false,"campfire_upgraded":3,"win_rate":0,"timestamp":1678402005,"path_taken":["M","M","?","?","M","R","M","M","T","E","?","?","R","M","R","BOSS"],"build_version":"2022-12-18","purchased_purges":0,"victory":false,"max_hp_per_floor":[66,66,66,66,66,66,66,66,66,66,66,66,66,66,66,66],"relic_stats":{"counters":[9,44],"Boot":[15],"obtain_stats":[{"Boot":10,"Toy Ornithopter":9,"Ring of the Snake":0},{"Boot":6,"Toy Ornithopter":5,"Ring of the Snake":0},{"Boot":23,"Toy Ornithopter":18,"Ring of the Snake":0}],"Toy Ornithopter":5,"Ring of the Snake":[18]},"card_choices":[{"not_picked":["Jack Of All Trades","Finesse"],"picked":"Dramatic Entrance","floor":0},{"not_picked":["Prepared","Bane"],"picked":"Catalyst","floor":1},{"not_picked":["Sucker Punch","Dodge and Roll","Leg Sweep"],"picked":"SKIP","floor":2},{"not_picked":["Skewer","Poisoned Stab"],"picked":"Acrobatics","floor":5},{"not_picked":["Footwork","Dodge and Roll"],"picked":"Dagger Spray","floor":7},{"not_picked":["Dodge and Roll","Leg Sweep"],"picked":"Quick Slash","floor":8},{"not_picked":["Predator","Die Die Die"],"picked":"Footwork","floor":10},{"not_picked":["Flying Knee","Finisher"],"picked":"Slice","floor":11},{"not_picked":["PiercingWail","All Out Attack"],"picked":"Backflip","floor":14}],"player_experience":1516850,"relics_obtained":[{"floor":9,"key":"Toy Ornithopter"},{"floor":10,"key":"Boot"}],"event_choices":[{"damage_healed":0,"gold_gain":0,"player_choice":"Entered Light","damage_taken":20,"max_hp_gain":0,"max_hp_loss":0,"event_name":"Shining Light","floor":3,"gold_loss":0,"cards_upgraded":["Strike_G","Dramatic Entrance"]},{"cards_removed":["Strike_G"],"damage_healed":0,"gold_gain":0,"player_choice":"Card Removal","damage_taken":7,"max_hp_gain":0,"max_hp_loss":0,"event_name":"Golden Wing","floor":4,"gold_loss":0},{"damage_healed":0,"gold_gain":0,"cards_transformed":["Strike_G"],"player_choice":"Change","damage_taken":0,"max_hp_gain":0,"max_hp_loss":0,"event_name":"Living Wall","floor":12,"gold_loss":0,"cards_obtained":["Predator"]}],"is_beta":false,"boss_relics":[],"items_purged_floors":[],"is_endless":false,"potions_floor_spawned":[1,2,8],"killed_by":"Hexaghost","ascension_level":20}