{"neow_bonuses_skipped_log":["TRANSFORM_CARD","HUNDRED_GOLD","BOSS_RELIC"],"potions_obtained_entropic_brew":[[],[],[],[],[],[],[],[],[],[],[],[],[],[]],"neow_costs_skipped_log":["NONE","NONE","NONE"],"gold_per_floor":[114,127,146,146,146,146,163,163,190,190,190,190,220,220],"floor_reached":14,"playtime":417,"items_purged":[],"score":156,"play_id":"393de89a-b6a2-4061-9845-d29ee428d18c","local_time":"20230313113939","score_breakdown":["Floors Climbed (14): 70","Enemies Slain (4): 8","Exordium Elites Killed (0): 0","Bosses Slain (0): 0","Ascension (20): 78"],"is_ascension_mode":true,"potions_obtained_alchemize":[[],[],[],[],[],[],[],[],[],[],[],[],[],[]],"campfire_choices":[{"data":"Backstab","floor":6.0,"key":"SMITH"},{"floor":11,"key":"REST"}],"lesson_learned_per_floor":[[],[],[],[],[],[],[],[],[],[],[],[],[],[]],"neow_cost":"TEN_PERCENT_HP_LOSS","improvable_cards":{},"seed_source_timestamp":2276217819260800,"shop_contents":[],"circlet_count":0,"master_deck":["AscendersBane","Strike_G","Strike_G","Strike_G","Strike_G","Defend_G","Defend_G","Defend_G","Defend_G","Defend_G","Survivor","Neutralize","Grand Finale","Quick Slash","Backstab+1","Flying Knee","Acrobatics","Deflect"],"special_seed":0,"potion_use_per_floor":[[],[],["BlessingOfTheForge"],[],[],[],["Fire Potion"],[],[],[],[],[],["SkillPotion","GhostInAJar"],[]],"relics":["Ring of the Snake","Strawberry","Orichalcum","Sundial","Odd Mushroom"],"potions_floor_usage":[7,13,13],"damage_taken":[{"damage":22.0,"enemies":"Cultist","floor":1.0,"turns":7.0},{"damage":5.0,"enemies":"Small Slimes","floor":2.0,"turns":4.0},{"damage":0.0,"enemies":"Jaw Worm","floor":3.0,"turns":3.0},{"damage":7,"enemies":"Exordium Wildlife","floor":7,"turns":3},{"damage":3,"enemies":"The Mushroom Lair","floor":13,"turns":6},{"damage":38,"enemies":"Gremlin Nob","floor":14,"turns":4}],"seed_played":"-7818050336768599884","neow_bonus_log":{"cardsObtained":[],"cardsUpgraded":[],"cardsRemoved":[],"cardsTransformed":[],"relicsObtained":[],"maxHpGained":0,"goldGained":0,"damageTaken":0,"goldLost":0,"maxHpLost":6},"potions_obtained":[{"floor":1.0,"key":"BlessingOfTheForge"},{"floor":3.0,"key":"SmokeBomb"},{"floor":5.0,"key":"GhostInAJar"},{"floor":5.0,"key":"Fire Potion"},{"floor":7,"key":"SkillPotion"}],"is_trial":false,"path_per_floor":["M","M","M","?","?","R","M","?","T","T","R","?","?","E"],"character_chosen":"THE_SILENT","basemod:card_modifiers":[null,null,null,null,null,null,null,null,null,null,null,null,null,null,null,null,null,null],"items_purchased":[],"campfire_rested":1,"item_purchase_floors":[],"current_hp_per_floor":[37,32,32,34,34,34,27,20,20,20,40,40,37,0],"gold":220,"neow_bonus":"THREE_RARE_CARDS","is_prod":false,"is_daily":false,"rewards_skipped":[],"chose_seed":false,"campfire_upgraded":1,"win_rate":0,"floor_exit_playtime":[102,142,194,197,202,211,237,247,250,254,258,261,361],"timestamp":1678721979,"path_taken":["M","M","M","?","?","R","?","?","T","?","R","?","?","E"],"build_version":"2022-12-18","purchased_purges":0,"victory":false,"max_hp_per_floor":[60,60,60,67,67,67,67,67,67,67,67,67,67,67],"relic_stats":{"counters":[6,27],"Sundial":[2],"Orichalcum":[30],"obtain_stats":[{"Sundial":10,"Strawberry":4,"Orichalcum":9,"Odd Mushroom":13,"Ring of the Snake":0},{"Sundial":4,"Strawberry":3,"Orichalcum":4,"Odd Mushroom":5,"Ring of the Snake":0},{"Sundial":17,"Strawberry":14,"Orichalcum":17,"Odd Mushroom":23,"Ring of the Snake":0}],"Ring of the Snake":[12]},"card_choices":[{"not_picked":["Envenom","Storm of Steel"],"picked":"Grand Finale","floor":0.0},{"not_picked":["Tactician","Deadly Poison"],"picked":"Quick Slash","floor":1.0},{"not_picked":["Deadly Poison","Noxious Fumes"],"picked":"Backstab","floor":2.0},{"not_picked":["Deflect","Poisoned Stab"],"picked":"Flying Knee","floor":3.0},{"not_picked":["Outmaneuver","Predator"],"picked":"Acrobatics","floor":7},{"not_picked":["Infinite Blades","Blade Dance"],"picked":"Deflect","floor":13}],"player_experience":1563469,"relics_obtained":[{"floor":9,"key":"Orichalcum"},{"floor":10,"key":"Sundial"},{"floor":13,"key":"Odd Mushroom"}],"event_choices":[{"damage_healed":0.0,"max_hp_gain":0.0,"max_hp_loss":0.0,"gold_gain":0.0,"event_name":"Scrap Ooze","player_choice":"Success","floor":4.0,"gold_loss":0.0,"damage_taken":5.0,"relics_obtained":["Strawberry"]},{"damage_healed":0.0,"max_hp_gain":0.0,"max_hp_loss":0.0,"gold_gain":0.0,"event_name":"Lab","player_choice":"Got Potions","floor":5.0,"gold_loss":0.0,"damage_taken":0.0},{"cards_removed":["Strike_G"],"damage_healed":0,"gold_gain":0,"player_choice":"Card Removal","damage_taken":7,"max_hp_gain":0,"max_hp_loss":0,"event_name":"Golden Wing","floor":8,"gold_loss":0},{"damage_healed":0,"gold_gain":0,"player_choice":"Ignored","damage_taken":0,"max_hp_gain":0,"max_hp_loss":0,"event_name":"Liars Game","floor":12,"gold_loss":0},{"damage_healed":0,"gold_gain":0,"player_choice":"Fought Mushrooms","damage_taken":0,"max_hp_gain":0,"max_hp_loss":0,"event_name":"Mushrooms","floor":13,"gold_loss":0}],"is_beta":false,"boss_relics":[],"items_purged_floors":[],"is_endless":false,"potions_floor_spawned":[1,3,7],"killed_by":"Gremlin Nob","ascension_level":20,"potion_discard_per_floor":[[],[],[],[],["SmokeBomb"],[],[],[],[],[],[],[],[],[]]}