{"gold_per_floor":[10,10,22,39,57,57,69,69,69,69,69,88,101,130,130,130],"floor_reached":16,"playtime":553,"items_purged":[],"score":208,"play_id":"ddc9d60a-c8eb-4dd1-bc39-6627cce9471a","local_time":"20230309172738","is_ascension_mode":true,"campfire_choices":[{"data":"Dagger Spray","floor":6,"key":"SMITH"},{"data":"Predator","floor":8,"key":"SMITH"},{"data":"Cloak And Dagger","floor":11,"key":"SMITH"},{"data":"Wraith Form v2","floor":15,"key":"SMITH"}],"neow_cost":"NO_GOLD","seed_source_timestamp":1955014063010700,"circlet_count":0,"master_deck":["AscendersBane","Strike_G","Strike_G","Strike_G","Strike_G","Strike_G","Defend_G","Defend_G","Defend_G","Defend_G","Survivor","Neutralize","Unload","Predator+1","Dagger Spray+1","Cloak And Dagger+1","Wraith Form v2+1"],"relics":["Ring of the Snake","The Courier","Happy Flower"],"potions_floor_usage":[5,14],"damage_taken":[{"damage":4,"enemies":"Jaw Worm","floor":1,"turns":4},{"damage":0,"enemies":"Cultist","floor":3,"turns":3},{"damage":0,"enemies":"2 Louse","floor":4,"turns":2},{"damage":4,"enemies":"Exordium Thugs","floor":5,"turns":3},{"damage":0,"enemies":"2 Fungi Beasts","floor":7,"turns":2},{"damage":0,"enemies":"Looter","floor":12,"turns":2},{"damage":6,"enemies":"Lots of Slimes","floor":13,"turns":3},{"damage":17,"enemies":"Gremlin Nob","floor":14,"turns":4},{"damage":33,"enemies":"Hexaghost","floor":16,"turns":11}],"seed_played":"6855351527182346045","potions_obtained":[{"floor":4,"key":"DistilledChaos"},{"floor":13,"key":"Dexterity Potion"}],"is_trial":false,"path_per_floor":["M","?","M","M","M","R","M","R","T","?","R","M","M","E","R","B"],"character_chosen":"THE_SILENT","basemod:card_modifiers":[null,null,null,null,null,null,null,null,null,null,null,null,null,null,null,null,null],"items_purchased":[],"campfire_rested":0,"item_purchase_floors":[],"current_hp_per_floor":[55,55,55,55,51,51,51,51,51,51,51,51,45,28,28,0],"gold":130,"neow_bonus":"THREE_RARE_CARDS","is_prod":false,"is_daily":false,"chose_seed":false,"campfire_upgraded":4,"win_rate":0,"timestamp":1678400858,"path_taken":["M","?","M","?","M","R","M","R","T","?","R","M","M","E","R","BOSS"],"build_version":"2022-12-18","purchased_purges":0,"victory":false,"max_hp_per_floor":[66,66,66,66,66,66,66,66,66,66,66,66,66,66,66,66],"relic_stats":{"Happy Flower":[3],"counters":[9,34],"The Courier":0,"obtain_stats":[{"Happy Flower":14,"The Courier":9,"Ring of the Snake":0},{"Happy Flower":8,"The Courier":5,"Ring of the Snake":0},{"Happy Flower":23,"The Courier":14,"Ring of the Snake":0}],"Ring of the Snake":[18]},"card_choices":[{"not_picked":["Storm of Steel","Burst"],"picked":"Unload","floor":0},{"not_picked":["Prepared","Distraction","Concentrate"],"picked":"SKIP","floor":1},{"not_picked":["Deflect","Caltrops"],"picked":"Predator","floor":3},{"not_picked":["Deadly Poison","Sucker Punch"],"picked":"Dagger Spray","floor":4},{"not_picked":["Dagger Spray","Backflip"],"picked":"Cloak And Dagger","floor":5},{"not_picked":["Bane","Endless Agony","Flying Knee"],"picked":"SKIP","floor":7},{"not_picked":["Quick Slash","Flying Knee","Dash"],"picked":"SKIP","floor":12},{"not_picked":["Quick Slash","Finisher","Infinite Blades"],"picked":"SKIP","floor":13},{"not_picked":["Deadly Poison","Acrobatics"],"picked":"Wraith Form v2","floor":14}],"player_experience":1515803,"relics_obtained":[{"floor":9,"key":"The Courier"},{"floor":14,"key":"Happy Flower"}],"event_choices":[{"cards_removed":["Defend_G"],"damage_healed":0,"gold_gain":0,"player_choice":"Offered Basic","damage_taken":0,"max_hp_gain":0,"max_hp_loss":0,"event_name":"Bonfire Elementals","floor":2,"gold_loss":0},{"damage_healed":0,"gold_gain":0,"player_choice":"Searched \u00270\u0027 times","damage_taken":0,"max_hp_gain":0,"max_hp_loss":0,"event_name":"Dead Adventurer","floor":10,"gold_loss":0}],"is_beta":false,"boss_relics":[],"items_purged_floors":[],"is_endless":false,"potions_floor_spawned":[4,13],"killed_by":"Hexaghost","ascension_level":20}