{"gold_per_floor":[109,129,72,88,88,88,132,146,193,193,44,24],"floor_reached":12,"playtime":494,"items_purged":["Strike_G"],"score":156,"play_id":"40f2d8e0-50c3-43d1-beab-c488e558892d","local_time":"20230309173559","is_ascension_mode":true,"campfire_choices":[{"data":"Quick Slash","floor":6,"key":"SMITH"}],"neow_cost":"NONE","seed_source_timestamp":1955574682012100,"circlet_count":0,"master_deck":["AscendersBane","Strike_G","Strike_G","Strike_G","Defend_G","Defend_G","Defend_G","Defend_G","Defend_G","Survivor","Neutralize","Deadly Poison","Quick Slash+1","Underhanded Strike","Dagger Spray","Noxious Fumes"],"relics":["Ring of the Snake","Ancient Tea Set","Golden Idol","White Beast Statue","Tiny Chest"],"potions_floor_usage":[8,12,12],"damage_taken":[{"damage":16,"enemies":"Small Slimes","floor":1,"turns":6},{"damage":0,"enemies":"Cultist","floor":2,"turns":4},{"damage":0,"enemies":"2 Louse","floor":4,"turns":4},{"damage":36,"enemies":"Lagavulin","floor":7,"turns":8},{"damage":0,"enemies":"Large Slime","floor":8,"turns":3},{"damage":10,"enemies":"Exordium Thugs","floor":12,"turns":2}],"seed_played":"4007907269761405036","potions_obtained":[{"floor":2,"key":"LiquidBronze"},{"floor":4,"key":"Strength Potion"},{"floor":8,"key":"LiquidMemories"}],"is_trial":false,"path_per_floor":["M","M","$","M","?","R","E","M","T","?","$","M"],"character_chosen":"THE_SILENT","basemod:card_modifiers":[null,null,null,null,null,null,null,null,null,null,null,null,null,null,null,null],"items_purchased":["Fire Potion","Noxious Fumes"],"campfire_rested":0,"item_purchase_floors":[3,11],"current_hp_per_floor":[43,43,43,43,43,43,7,7,7,7,7,0],"gold":24,"neow_bonus":"RANDOM_COMMON_RELIC","is_prod":false,"is_daily":false,"chose_seed":false,"campfire_upgraded":1,"win_rate":0,"timestamp":1678401359,"path_taken":["M","M","$","M","?","R","E","M","T","?","$","?"],"build_version":"2022-12-18","purchased_purges":1,"victory":false,"max_hp_per_floor":[66,66,66,66,60,60,60,60,60,60,60,60],"relic_stats":{"counters":[6,27],"Golden Idol":12,"Tiny Chest":0,"Ancient Tea Set":[2],"obtain_stats":[{"Golden Idol":5,"Tiny Chest":9,"Ancient Tea Set":0,"White Beast Statue":7,"Ring of the Snake":0},{"Golden Idol":3,"Tiny Chest":5,"Ancient Tea Set":0,"White Beast Statue":4,"Ring of the Snake":0},{"Golden Idol":14,"Tiny Chest":25,"Ancient Tea Set":0,"White Beast Statue":22,"Ring of the Snake":0}],"White Beast Statue":[0.0,0.0,0.0,0.4,0.0,0.6000000000000001,0.0,0.0,0.0,0.0,0.0,0.4],"Ring of the Snake":[12]},"card_choices":[{"not_picked":["Outmaneuver","Blur"],"picked":"Deadly Poison","floor":1},{"not_picked":["Footwork","Poisoned Stab"],"picked":"Quick Slash","floor":2},{"not_picked":["Poisoned Stab","Blur"],"picked":"Underhanded Strike","floor":4},{"not_picked":["Slice","Flying Knee"],"picked":"Dagger Spray","floor":7},{"not_picked":["Slice","Poisoned Stab","Dodge and Roll"],"picked":"SKIP","floor":8}],"player_experience":1516356,"relics_obtained":[{"floor":7,"key":"White Beast Statue"},{"floor":9,"key":"Tiny Chest"}],"event_choices":[{"damage_healed":0,"gold_gain":0,"player_choice":"Lose Max HP","damage_taken":0,"relics_obtained":["Golden Idol"],"max_hp_gain":0,"max_hp_loss":6,"event_name":"Golden Idol","floor":5,"gold_loss":0},{"cards_removed":["Strike_G"],"damage_healed":0,"gold_gain":0,"player_choice":"Purged","damage_taken":0,"max_hp_gain":0,"max_hp_loss":0,"event_name":"Purifier","floor":10,"gold_loss":0}],"is_beta":false,"boss_relics":[],"items_purged_floors":[11],"is_endless":false,"potions_floor_spawned":[2,4,8],"killed_by":"Exordium Thugs","ascension_level":20}