{"neow_bonuses_skipped_log":["TRANSFORM_CARD","THREE_SMALL_POTIONS","BOSS_RELIC"],"potions_obtained_entropic_brew":[[],[],[],[],[],[],["DuplicationPotion","SteroidPotion"],[],[],[],[],[],[],[],[],[],[],[],[],[],[],[],[],[],[],[],[],[],[],[],[],[],[]],"neow_costs_skipped_log":["NONE","NONE","NONE"],"gold_per_floor":[12,22,42,62,23,23,48,48,48,64,77,77,77,18,18,95,95,70,90,15,15,15,15,35,62,98,110,141,179,206,229,241,253],"floor_reached":33,"playtime":1530,"items_purged":[],"score":538,"play_id":"dae64d86-f061-4a75-baf1-4f58b270589e","local_time":"20230310180553","score_breakdown":["Floors Climbed (33): 165","Enemies Slain (12): 24","Exordium Elites Killed (1): 10","City Elites Killed (1): 20","Bosses Slain (1): 50","Ascension (20): 269"],"is_ascension_mode":true,"potions_obtained_alchemize":[[],[],[],[],[],[],[],[],[],[],[],[],[],[],[],[],[],[],[],[],[],[],[],[],[],[],[],[],[],[],[],[],[]],"campfire_choices":[{"data":"Blade Dance","floor":6,"key":"SMITH"},{"floor":13,"key":"REST"},{"floor":15,"key":"REST"},{"data":"Burst","floor":23,"key":"SMITH"},{"floor":27,"key":"REST"},{"floor":32,"key":"REST"}],"lesson_learned_per_floor":[[],[],[],[],[],[],[],[],[],[],[],[],[],[],[],[],[],[],[],[],[],[],[],[],[],[],[],[],[],[],[],[],[]],"neow_cost":"NO_GOLD","improvable_cards":{},"seed_source_timestamp":2042728065099700,"shop_contents":[{"floor":5,"relics":["Bag of Preparation","Art of War","Lee\u0027s Waffle"],"cards":["Slice","Dagger Spray","Reflex","Deflect","Flash of Steel","Transmutation"],"potions":["Fire Potion","Swift Potion","AttackPotion"]},{"floor":14,"relics":["Orichalcum","PreservedInsect","Chemical X"],"cards":["Bane","Dagger Spray","Tactician","Caltrops","Flash of Steel","Chrysalis"],"potions":["SmokeBomb","AttackPotion","CunningPotion"]}],"circlet_count":0,"master_deck":["AscendersBane","Strike_G","Defend_G","Defend_G","Defend_G","Defend_G","Defend_G","Survivor","Neutralize","Dagger Spray+1","Dash+1","Blade Dance+1","Accuracy","Glass Knife","Dodge and Roll","Accuracy","Acrobatics","Burst+1","After Image","Terror","PiercingWail+1","Deflect+1","Cloak And Dagger+1","Escape Plan+1","Noxious Fumes"],"potion_use_per_floor":[[],[],[],[],[],[],["EntropicBrew","SteroidPotion"],[],[],[],[],[],[],[],[],["DuplicationPotion"],[],[],[],[],[],[],[],["BlessingOfTheForge"],[],[],[],["EssenceOfSteel"],["Fire Potion"],[],["LiquidMemories"],[],["Poison Potion"]],"relics":["Ring of the Snake","The Specimen","Dream Catcher","Mummified Hand","Whetstone","Philosopher\u0027s Stone","MawBank","Oddly Smooth Stone","Toxic Egg 2"],"potions_floor_usage":[7,7,16,24,28,29,31,33],"damage_taken":[{"damage":6,"enemies":"Cultist","floor":1,"turns":5},{"damage":4,"enemies":"Jaw Worm","floor":2,"turns":4},{"damage":0,"enemies":"2 Louse","floor":3,"turns":3},{"damage":22,"enemies":"Exordium Thugs","floor":4,"turns":5},{"damage":7,"enemies":"3 Sentries","floor":7,"turns":4},{"damage":4,"enemies":"2 Fungi Beasts","floor":10,"turns":3},{"damage":0,"enemies":"Looter","floor":11,"turns":3},{"damage":12,"enemies":"The Guardian","floor":16,"turns":11},{"damage":8,"enemies":"2 Thieves","floor":18,"turns":4},{"damage":0,"enemies":"Spheric Guardian","floor":19,"turns":3},{"damage":11,"enemies":"Cultist and Chosen","floor":24,"turns":6},{"damage":0,"enemies":"Centurion and Healer","floor":28,"turns":6},{"damage":12,"enemies":"Slavers","floor":29,"turns":5},{"damage":1,"enemies":"Snake Plant","floor":30,"turns":6},{"damage":1,"enemies":"Cultist and Chosen","floor":31,"turns":4},{"damage":55,"enemies":"Collector","floor":33,"turns":6}],"seed_played":"-950707108158125767","neow_bonus_log":{"cardsObtained":[],"cardsUpgraded":[],"cardsRemoved":[],"cardsTransformed":[],"relicsObtained":["The Specimen"],"maxHpGained":0,"goldGained":0,"damageTaken":0,"goldLost":99,"maxHpLost":0},"potions_obtained":[{"floor":4,"key":"EntropicBrew"},{"floor":7,"key":"Poison Potion"},{"floor":11,"key":"Fire Potion"},{"floor":16,"key":"BlessingOfTheForge"},{"floor":24,"key":"EssenceOfSteel"},{"floor":30,"key":"LiquidMemories"},{"floor":31,"key":"Poison Potion"}],"is_trial":false,"path_per_floor":["M","M","M","M","$","R","E","?","T","M","M","?","R","$","R","B",null,"M","M","?","?","?","R","M","T","T","R","M","E","M","M","R","B"],"character_chosen":"THE_SILENT","basemod:card_modifiers":[null,null,null,null,null,null,null,null,null,null,null,null,null,null,null,null,null,null,null,null,null,null,null,null,null],"items_purchased":["Accuracy","Acrobatics"],"campfire_rested":4,"item_purchase_floors":[5,14],"current_hp_per_floor":[53,49,49,27,27,27,20,20,20,16,16,16,35,35,54,42,60,52,52,52,52,34,34,23,23,23,44,44,32,31,30,51,0],"gold":253,"neow_bonus":"ONE_RARE_RELIC","is_prod":false,"is_daily":false,"rewards_skipped":[],"chose_seed":false,"campfire_upgraded":2,"win_rate":0,"floor_exit_playtime":[70,108,165,261,266,275,408,414,420,459,616,622,631,644,666,791,806,884,924,934,942,947,961,1047,1051,1054,1068,1142,1227,1309,1392,1409],"timestamp":1678489553,"path_taken":["M","M","M","M","?","R","E","?","T","?","M","?","R","?","R","BOSS","M","M","?","?","?","R","M","?","T","R","M","E","M","M","R","BOSS"],"build_version":"2022-12-18","purchased_purges":0,"victory":false,"max_hp_per_floor":[66,66,66,66,66,66,66,66,66,66,66,66,66,66,66,66,66,66,66,66,66,71,71,71,71,71,71,71,71,71,71,71,71],"relic_stats":{"Dream Catcher":4,"The Specimen":[0],"counters":[16,78],"Mummified Hand":[29],"Whetstone":["Dagger Spray","Dash"],"MawBank":96,"obtain_stats":[{"Dream Catcher":7,"The Specimen":0,"Mummified Hand":8,"Oddly Smooth Stone":26,"Philosopher\u0027s Stone":17,"Whetstone":9,"Toxic Egg 2":29,"MawBank":25,"Ring of the Snake":0},{"Dream Catcher":5,"The Specimen":0,"Mummified Hand":5,"Oddly Smooth Stone":11,"Philosopher\u0027s Stone":8,"Whetstone":5,"Toxic Egg 2":13,"MawBank":11,"Ring of the Snake":0},{"Dream Catcher":21,"The Specimen":0,"Mummified Hand":21,"Oddly Smooth Stone":51,"Philosopher\u0027s Stone":38,"Whetstone":21,"Toxic Egg 2":62,"MawBank":51,"Ring of the Snake":0}],"Ring of the Snake":[32]},"card_choices":[{"not_picked":["Sucker Punch","Acrobatics"],"picked":"Dagger Spray","floor":1},{"not_picked":["Flying Knee","Wraith Form v2"],"picked":"Dash","floor":2},{"not_picked":["Backflip","Sucker Punch","Outmaneuver"],"picked":"SKIP","floor":3},{"not_picked":["Dodge and Roll","Eviscerate"],"picked":"Blade Dance","floor":4},{"not_picked":["Bane","Finisher"],"picked":"Glass Knife","floor":7},{"not_picked":["Dagger Spray","Deadly Poison","Poisoned Stab"],"picked":"SKIP","floor":10},{"not_picked":["Quick Slash","Flying Knee"],"picked":"Dodge and Roll","floor":11},{"not_picked":["Cloak And Dagger","Poisoned Stab"],"picked":"Accuracy","floor":13},{"not_picked":["Die Die Die","Venomology"],"picked":"Burst","floor":16},{"not_picked":["Outmaneuver","Deadly Poison+1","Dodge and Roll"],"picked":"SKIP","floor":18},{"not_picked":["Backflip","Sucker Punch","Deadly Poison"],"picked":"SKIP","floor":19},{"not_picked":["Noxious Fumes","Underhanded Strike"],"picked":"PiercingWail+1","floor":24},{"not_picked":["Catalyst","Finisher","Terror"],"picked":"SKIP","floor":28},{"not_picked":["Die Die Die","Bane"],"picked":"Deflect+1","floor":29},{"not_picked":["Heel Hook","Dodge and Roll+1"],"picked":"Cloak And Dagger+1","floor":30},{"not_picked":["Prepared+1","Noxious Fumes"],"picked":"Escape Plan+1","floor":31},{"not_picked":["PiercingWail+1","Flechettes"],"picked":"Noxious Fumes","floor":32}],"player_experience":1536202,"relics_obtained":[{"floor":7,"key":"Dream Catcher"},{"floor":9,"key":"Whetstone"},{"floor":25,"key":"MawBank"},{"floor":26,"key":"Oddly Smooth Stone"},{"floor":29,"key":"Toxic Egg 2"}],"event_choices":[{"damage_healed":0,"gold_gain":0,"player_choice":"Gave Potion","damage_taken":0,"relics_obtained":["Mummified Hand"],"max_hp_gain":0,"max_hp_loss":0,"event_name":"WeMeetAgain","floor":8,"gold_loss":0},{"cards_removed":["Strike_G"],"damage_healed":0,"gold_gain":0,"player_choice":"Purged","damage_taken":0,"max_hp_gain":0,"max_hp_loss":0,"event_name":"Purifier","floor":12,"gold_loss":0},{"cards_removed":["Strike_G"],"damage_healed":0,"gold_gain":0,"player_choice":"Gave Gold","damage_taken":0,"max_hp_gain":0,"max_hp_loss":0,"event_name":"Beggar","floor":20,"gold_loss":75},{"damage_healed":0,"gold_gain":0,"cards_transformed":["Strike_G","Strike_G"],"player_choice":"Became Test Subject","damage_taken":0,"max_hp_gain":0,"max_hp_loss":0,"event_name":"Drug Dealer","floor":21,"gold_loss":0,"cards_obtained":["After Image","Terror"]},{"damage_healed":0,"gold_gain":0,"player_choice":"Shed Blood","damage_taken":23,"max_hp_gain":5,"max_hp_loss":0,"event_name":"Forgotten Altar","floor":22,"gold_loss":0}],"is_beta":false,"boss_relics":[{"not_picked":["Busted Crown","Ring of the Serpent"],"picked":"Philosopher\u0027s Stone"}],"items_purged_floors":[],"is_endless":false,"potions_floor_spawned":[4,7,11,16,24,30,31],"killed_by":"Collector","ascension_level":20,"potion_discard_per_floor":[[],[],[],[],[],[],[],[],[],[],[],[],[],[],[],[],[],[],[],[],[],[],[],[],[],[],[],[],[],[],[],[],[]]}