{"gold_per_floor":[20,35,51,51,64,64,95,120,177,217,229,257,269,300,312,395,407,436,464,102,121,141,141,161,161],"floor_reached":25,"playtime":1524,"items_purged":["Strike_G"],"score":438,"play_id":"17ff81b6-4e99-4a0d-907f-58bdfd07589b","local_time":"20230309165532","is_ascension_mode":true,"campfire_choices":[{"data":"Skewer","floor":6,"key":"SMITH"},{"data":"Accuracy","floor":15,"key":"SMITH"},{"floor":23,"key":"REST"}],"neow_cost":"NO_GOLD","seed_source_timestamp":1952115778675100,"circlet_count":0,"master_deck":["AscendersBane","Strike_G","Strike_G","Strike_G","Strike_G","Defend_G","Defend_G","Defend_G","Defend_G","Survivor","Neutralize","Storm of Steel+1","Backflip","Skewer+1","Crippling Poison","Backstab","Blade Dance","Blade Dance","Backflip","Accuracy+1","Corpse Explosion","Leg Sweep","Acrobatics","Footwork"],"relics":["Ring of the Snake","MawBank","Blood Vial","Blue Candle","HoveringKite","Pen Nib"],"potions_floor_usage":[7,8,10,21,25],"damage_taken":[{"damage":1,"enemies":"Cultist","floor":1,"turns":4},{"damage":0,"enemies":"Jaw Worm","floor":2,"turns":4},{"damage":10,"enemies":"Small Slimes","floor":3,"turns":5},{"damage":8,"enemies":"Looter","floor":5,"turns":4},{"damage":26,"enemies":"Gremlin Nob","floor":7,"turns":4},{"damage":0,"enemies":"Gremlin Gang","floor":8,"turns":1},{"damage":10,"enemies":"3 Sentries","floor":10,"turns":7},{"damage":10,"enemies":"Red Slaver","floor":12,"turns":2},{"damage":0,"enemies":"Blue Slaver","floor":14,"turns":1},{"damage":18,"enemies":"Slime Boss","floor":16,"turns":5},{"damage":1,"enemies":"Spheric Guardian","floor":18,"turns":3},{"damage":18,"enemies":"2 Thieves","floor":19,"turns":4},{"damage":30,"enemies":"Snake Plant","floor":21,"turns":6},{"damage":22,"enemies":"Shelled Parasite and Fungi","floor":22,"turns":4},{"damage":22,"enemies":"Snecko","floor":24,"turns":5},{"damage":4,"enemies":"Centurion and Healer","floor":25,"turns":2}],"seed_played":"-2595128827601132625","potions_obtained":[{"floor":3,"key":"Explosive Potion"},{"floor":5,"key":"DistilledChaos"},{"floor":8,"key":"BlessingOfTheForge"},{"floor":16,"key":"Regen Potion"},{"floor":19,"key":"SteroidPotion"},{"floor":22,"key":"SteroidPotion"}],"is_trial":false,"path_per_floor":["M","M","M","?","M","R","E","M","T","E","?","M","?","M","R","B",null,"M","M","$","M","M","R","M","M"],"character_chosen":"THE_SILENT","basemod:card_modifiers":[null,null,null,null,null,null,null,null,null,null,null,null,null,null,null,null,null,null,null,null,null,null,null,null],"items_purchased":["Acrobatics","Footwork","Pen Nib"],"campfire_rested":1,"item_purchase_floors":[20,20,20],"current_hp_per_floor":[58,58,48,48,40,40,14,14,14,6,28,20,20,22,22,6,51,52,36,36,23,3,22,2,0],"gold":161,"neow_bonus":"THREE_RARE_CARDS","is_prod":false,"is_daily":false,"chose_seed":false,"campfire_upgraded":2,"win_rate":0,"timestamp":1678398932,"path_taken":["M","?","M","?","M","R","E","M","T","E","?","M","?","M","R","BOSS","M","?","$","M","M","R","M","?"],"build_version":"2022-12-18","purchased_purges":1,"victory":false,"max_hp_per_floor":[66,66,66,66,66,66,66,66,66,66,66,66,66,66,66,66,66,66,66,66,66,66,66,66,66],"relic_stats":{"Blood Vial":20,"counters":[16,61],"Blue Candle":[0],"HoveringKite":[12],"Pen Nib":[4],"MawBank":156,"obtain_stats":[{"Blood Vial":9,"Blue Candle":10,"HoveringKite":17,"Pen Nib":20,"MawBank":7,"Ring of the Snake":0},{"Blood Vial":6,"Blue Candle":7,"HoveringKite":10,"Pen Nib":12,"MawBank":5,"Ring of the Snake":0},{"Blood Vial":22,"Blue Candle":29,"HoveringKite":37,"Pen Nib":44,"MawBank":21,"Ring of the Snake":0}],"Ring of the Snake":[32]},"card_choices":[{"not_picked":["Doppelganger","Burst"],"picked":"Storm of Steel","floor":0},{"not_picked":["Slice","Prepared"],"picked":"Backflip","floor":1},{"not_picked":["Underhanded Strike","Acrobatics","PiercingWail"],"picked":"SKIP","floor":2},{"not_picked":["Dodge and Roll","Flying Knee"],"picked":"Skewer","floor":3},{"not_picked":["Outmaneuver","Cloak And Dagger","Blur"],"picked":"SKIP","floor":5},{"not_picked":["Flechettes","Riddle With Holes"],"picked":"Backstab","floor":7},{"not_picked":["Dodge and Roll","Bullet Time"],"picked":"Blade Dance","floor":8},{"not_picked":["Endless Agony","Deadly Poison"],"picked":"Blade Dance","floor":10},{"not_picked":["Prepared","Bane"],"picked":"Backflip","floor":12},{"not_picked":["Setup","Cloak And Dagger"],"picked":"Accuracy","floor":14},{"not_picked":["Night Terror","Tools of the Trade"],"picked":"Corpse Explosion","floor":16},{"not_picked":["Blur","Dagger Throw","Sucker Punch"],"picked":"SKIP","floor":18},{"not_picked":["Finisher","Skewer"],"picked":"Leg Sweep","floor":19},{"not_picked":["Bane","Dagger Throw","Deadly Poison"],"picked":"SKIP","floor":21},{"not_picked":["Poisoned Stab","Dagger Throw","Eviscerate"],"picked":"SKIP","floor":22},{"not_picked":["Blade Dance","Deadly Poison","Flying Knee"],"picked":"SKIP","floor":24}],"player_experience":1513857,"relics_obtained":[{"floor":7,"key":"MawBank"},{"floor":9,"key":"Blood Vial"},{"floor":10,"key":"Blue Candle"}],"event_choices":[{"damage_healed":0,"gold_gain":0,"cards_transformed":["Defend_G"],"player_choice":"Change","damage_taken":0,"max_hp_gain":0,"max_hp_loss":0,"event_name":"Living Wall","floor":4,"gold_loss":0,"cards_obtained":["Crippling Poison"]},{"damage_healed":22,"gold_gain":0,"player_choice":"Banana","damage_taken":0,"max_hp_gain":0,"max_hp_loss":0,"event_name":"Big Fish","floor":11,"gold_loss":0},{"damage_healed":0,"gold_gain":0,"player_choice":"Upgraded","damage_taken":0,"max_hp_gain":0,"max_hp_loss":0,"event_name":"Upgrade Shrine","floor":13,"gold_loss":0,"cards_upgraded":["Storm of Steel"]}],"is_beta":false,"boss_relics":[{"not_picked":["Tiny House","SlaversCollar"],"picked":"HoveringKite"}],"items_purged_floors":[20],"is_endless":false,"potions_floor_spawned":[3,5,8,16,19,22],"killed_by":"Centurion and Healer","ascension_level":20}