{"neow_bonuses_skipped_log":["THREE_CARDS","TEN_PERCENT_HP_BONUS","BOSS_RELIC"],"potions_obtained_entropic_brew":[[],[],[],[],[],[],[],[],[],[],[],[],[],[],[],[],[],[],[],[],[],[],[],[],[],[],[],[],[],[],[],[],[],[],[],[],[],[],[],[],[],[],[],[],[]],"neow_costs_skipped_log":["NONE","NONE","NONE"],"gold_per_floor":[16,16,26,26,37,37,54,79,106,139,64,78,78,96,96,168,168,182,202,202,235,235,235,266,266,266,283,283,283,283,303,303,377,377,388,610,623,374,394,419,435,446,446,446,446],"floor_reached":45,"playtime":2181,"items_purged":["Strike_G","Finisher"],"score":1000,"play_id":"b10732f0-6000-48bb-b235-3ec6bbd5abcb","local_time":"20230316013148","score_breakdown":["Floors Climbed (45): 225","Enemies Slain (15): 30","Exordium Elites Killed (2): 20","City Elites Killed (1): 20","Beyond Elites Killed (1): 30","Bosses Slain (2): 150","Overkill: 25","Ascension (20): 500"],"is_ascension_mode":true,"potions_obtained_alchemize":[[],[],[],[],[],[],[],[],[],[],[],[],[],[],[],[],[],[],[],[],[],[],[],[],[],[],[],[],[],[],[],[],[],[],[],[],[],[],[],[],[],[],[],[],[]],"campfire_choices":[{"data":"Bouncing Flask","floor":6.0,"key":"SMITH"},{"data":"Noxious Fumes","floor":13,"key":"SMITH"},{"data":"Catalyst","floor":15,"key":"SMITH"},{"floor":23,"key":"REST"},{"floor":25,"key":"REST"},{"data":"Footwork","floor":29,"key":"SMITH"},{"data":"Acrobatics","floor":32,"key":"SMITH"}],"lesson_learned_per_floor":[[],[],[],[],[],[],[],[],[],[],[],[],[],[],[],[],[],[],[],[],[],[],[],[],[],[],[],[],[],[],[],[],[],[],[],[],[],[],[],[],[],[],[],[],[]],"neow_cost":"NO_GOLD","improvable_cards":{},"seed_source_timestamp":2497199056646200,"shop_contents":[{"floor":11,"relics":["Juzu Bracelet","Pantograph","Medical Kit"],"cards":["Sucker Punch","Poisoned Stab","Expertise","Blur","Noxious Fumes","Forethought","Master of Strategy"],"potions":["FairyPotion","Dexterity Potion","AttackPotion"]},{"floor":38,"relics":["Meat on the Bone","Happy Flower","PrismaticShard"],"cards":["Underhanded Strike","Die Die Die","Cloak And Dagger","Outmaneuver","Noxious Fumes","Magnetism"],"potions":["DistilledChaos","SteroidPotion"]}],"circlet_count":0,"master_deck":["AscendersBane","Defend_G","Defend_G","Defend_G","Defend_G","Survivor","Neutralize","After Image","Noxious Fumes+1","Bouncing Flask+1","Poisoned Stab","Catalyst+1","Backflip","Backflip","Crippling Poison","Corpse Explosion","Leg Sweep","Acrobatics+1","Poisoned Stab","Caltrops","Footwork+1","Acrobatics","Night Terror","Concentrate","Dark Shackles","Reflex"],"special_seed":0,"potion_use_per_floor":[[],[],[],[],[],[],[],["BlessingOfTheForge"],[],["ColorlessPotion","Dexterity Potion"],[],[],[],[],[],["Poison Potion"],[],[],[],[],[],[],[],[],[],[],[],[],[],[],["SkillPotion"],[],["GamblersBrew"],[],[],[],[],[],["Swift Potion"],["Weak Potion","CunningPotion"],[],[],[],[],[]],"relics":["Ring of the Snake","Art of War","MealTicket","Centennial Puzzle","Philosopher\u0027s Stone","Red Mask","Ancient Tea Set","Runic Dome","Anchor","Mercury Hourglass"],"potions_floor_usage":[8,10,10,16,31,33,39,40,40],"damage_taken":[{"damage":10.0,"enemies":"Cultist","floor":1.0,"turns":7.0},{"damage":7.0,"enemies":"Small Slimes","floor":3.0,"turns":4.0},{"damage":0.0,"enemies":"Jaw Worm","floor":5.0,"turns":4.0},{"damage":0.0,"enemies":"3 Louse","floor":7.0,"turns":4.0},{"damage":6,"enemies":"Gremlin Nob","floor":8,"turns":3},{"damage":16,"enemies":"Lagavulin","floor":10,"turns":4},{"damage":1,"enemies":"Blue Slaver","floor":12,"turns":3},{"damage":11,"enemies":"Large Slime","floor":14,"turns":6},{"damage":5,"enemies":"Hexaghost","floor":16,"turns":5},{"damage":0,"enemies":"Chosen","floor":18,"turns":3},{"damage":14,"enemies":"2 Thieves","floor":19,"turns":3},{"damage":18,"enemies":"Masked Bandits","floor":21,"turns":3},{"damage":28,"enemies":"Book of Stabbing","floor":24,"turns":5},{"damage":2,"enemies":"Cultist and Chosen","floor":27,"turns":4},{"damage":3,"enemies":"Snake Plant","floor":31,"turns":4},{"damage":1,"enemies":"Champ","floor":33,"turns":9},{"damage":0,"enemies":"Orb Walker","floor":35,"turns":4},{"damage":9,"enemies":"3 Darklings","floor":37,"turns":4},{"damage":8,"enemies":"4 Shapes","floor":39,"turns":3},{"damage":14,"enemies":"Nemesis","floor":40,"turns":9},{"damage":23,"enemies":"Jaw Worm Horde","floor":41,"turns":3},{"damage":3,"enemies":"Sphere and 2 Shapes","floor":42,"turns":4},{"damage":16,"enemies":"Spire Growth","floor":45,"turns":2}],"seed_played":"3029661970664480534","neow_bonus_log":{"cardsObtained":[],"cardsUpgraded":[],"cardsRemoved":[],"cardsTransformed":[],"relicsObtained":[],"maxHpGained":0,"goldGained":0,"damageTaken":0,"goldLost":99,"maxHpLost":0},"potions_obtained":[{"floor":3.0,"key":"BlessingOfTheForge"},{"floor":7.0,"key":"ColorlessPotion"},{"floor":8,"key":"Dexterity Potion"},{"floor":10,"key":"Poison Potion"},{"floor":21,"key":"SteroidPotion"},{"floor":27,"key":"SkillPotion"},{"floor":31,"key":"GamblersBrew"},{"floor":37,"key":"CunningPotion"},{"floor":39,"key":"Weak Potion"},{"floor":42,"key":"FearPotion"}],"is_trial":false,"path_per_floor":["M","?","M","?","M","R","M","E","T","E","$","M","R","M","R","B",null,"M","M","?","?","?","R","E","R","T","M","?","R","?","M","R","B",null,"M","?","M","$","M","E","M","M","T","?","M"],"character_chosen":"THE_SILENT","basemod:card_modifiers":[null,null,null,null,null,null,null,null,null,null,null,null,null,null,null,null,null,null,null,null,null,null,null,null,null,null],"items_purchased":["Swift Potion","Dark Shackles"],"campfire_rested":2,"item_purchase_floors":[38,38],"current_hp_per_floor":[49,49,42,35,35,35,35,29,29,13,28,27,27,16,16,11,52,52,38,38,20,20,39,11,30,30,28,28,28,28,25,25,24,56,56,56,47,62,54,40,17,14,14,14,0],"gold":446,"neow_bonus":"THREE_RARE_CARDS","is_prod":false,"is_daily":false,"rewards_skipped":[],"chose_seed":false,"campfire_upgraded":5,"win_rate":0,"floor_exit_playtime":[99,109,150,158,202,214,259,310,313,389,440,550,558,659,675,749,816,864,933,941,1070,1078,1084,1150,1153,1159,1229,1250,1257,1261,1357,1378,1558,1601,1659,1664,1749,1778,1855,2001,2059,2139,2141,2145],"timestamp":1678944708,"blue_key_relic_skipped_log":{"floor":26,"relicID":"Girya"},"path_taken":["M","?","M","?","M","R","M","E","T","E","?","M","R","M","R","BOSS","M","M","?","?","?","R","E","R","T","?","?","R","?","M","R","BOSS","M","?","M","$","M","E","M","M","T","?","M"],"build_version":"2022-12-18","purchased_purges":2,"victory":false,"max_hp_per_floor":[66,66,66,66,66,66,66,66,66,66,66,66,66,66,66,66,66,66,66,66,66,66,66,66,66,66,66,66,66,66,66,66,66,66,66,66,66,66,66,66,66,66,66,66,66],"relic_stats":{"Centennial Puzzle":[42],"counters":[23,100],"MealTicket":30,"Art of War":[30],"Ancient Tea Set":[6],"obtain_stats":[{"Runic Dome":34,"Centennial Puzzle":10,"Anchor":40,"MealTicket":9,"Philosopher\u0027s Stone":17,"Art of War":8,"Red Mask":21,"Ancient Tea Set":24,"Ring of the Snake":0,"Mercury Hourglass":43},{"Runic Dome":16,"Centennial Puzzle":6,"Anchor":20,"MealTicket":5,"Philosopher\u0027s Stone":9,"Art of War":5,"Red Mask":12,"Ancient Tea Set":13,"Ring of the Snake":0,"Mercury Hourglass":22},{"Runic Dome":71,"Centennial Puzzle":26,"Anchor":91,"MealTicket":22,"Philosopher\u0027s Stone":40,"Art of War":22,"Red Mask":49,"Ancient Tea Set":54,"Ring of the Snake":0,"Mercury Hourglass":98}],"Ring of the Snake":[46],"Mercury Hourglass":[6]},"card_choices":[{"not_picked":["Corpse Explosion","Unload"],"picked":"After Image","floor":0.0},{"not_picked":["Flying Knee","PiercingWail"],"picked":"Noxious Fumes","floor":1.0},{"not_picked":["Deflect","Eviscerate"],"picked":"Bouncing Flask","floor":3.0},{"not_picked":["Deadly Poison","Cloak And Dagger"],"picked":"Poisoned Stab","floor":5.0},{"not_picked":["Calculated Gamble","Dagger Throw"],"picked":"Catalyst","floor":7.0},{"not_picked":["Reflex","Phantasmal Killer"],"picked":"Backflip","floor":8},{"not_picked":["Predator","Poisoned Stab","Deadly Poison"],"picked":"SKIP","floor":10},{"not_picked":["Predator","Deadly Poison"],"picked":"Backflip","floor":12},{"not_picked":["Leg Sweep","Cloak And Dagger"],"picked":"Crippling Poison","floor":14},{"not_picked":["Bullet Time","Die Die Die"],"picked":"Corpse Explosion","floor":16},{"not_picked":["Deadly Poison","Bouncing Flask+1"],"picked":"Leg Sweep","floor":18},{"not_picked":["Skewer","Endless Agony+1"],"picked":"Acrobatics","floor":19},{"not_picked":["Noxious Fumes","Deflect","Dodge and Roll"],"picked":"SKIP","floor":21},{"not_picked":["Venomology","Choke"],"picked":"Footwork","floor":24},{"not_picked":["Cloak And Dagger","Sucker Punch","Reflex"],"picked":"SKIP","floor":27},{"not_picked":["Slice","Sucker Punch"],"picked":"Acrobatics","floor":31},{"not_picked":["A Thousand Cuts","Venomology"],"picked":"Night Terror","floor":33},{"not_picked":["Dagger Spray","Dagger Throw+1","Blade Dance+1"],"picked":"SKIP","floor":35},{"not_picked":["Underhanded Strike","Prepared"],"picked":"Concentrate","floor":37},{"not_picked":["Underhanded Strike","Prepared","Crippling Poison"],"picked":"SKIP","floor":39},{"not_picked":["Finisher+1","All Out Attack+1","Endless Agony"],"picked":"SKIP","floor":40},{"not_picked":["Blade Dance+1","Backstab","Flying Knee"],"picked":"SKIP","floor":41},{"not_picked":["Blade Dance","A Thousand Cuts"],"picked":"Reflex","floor":42}],"player_experience":1581837,"relics_obtained":[{"floor":8,"key":"Art of War"},{"floor":9,"key":"MealTicket"},{"floor":10,"key":"Centennial Puzzle"},{"floor":21,"key":"Red Mask"},{"floor":24,"key":"Ancient Tea Set"},{"floor":40,"key":"Anchor"},{"floor":43,"key":"Mercury Hourglass"}],"event_choices":[{"damage_healed":0.0,"max_hp_gain":0.0,"max_hp_loss":0.0,"gold_gain":0.0,"cards_transformed":["Defend_G"],"event_name":"Living Wall","player_choice":"Change","floor":2.0,"gold_loss":0.0,"damage_taken":0.0,"cards_obtained":["Finisher"]},{"cards_removed":["Strike_G"],"damage_healed":0.0,"max_hp_gain":0.0,"max_hp_loss":0.0,"gold_gain":0.0,"event_name":"Golden Wing","player_choice":"Card Removal","floor":4.0,"gold_loss":0.0,"damage_taken":7.0},{"damage_healed":0,"gold_gain":0,"cards_transformed":["Strike_G","Strike_G"],"player_choice":"Became Test Subject","damage_taken":0,"max_hp_gain":0,"max_hp_loss":0,"event_name":"Drug Dealer","floor":20,"gold_loss":0,"cards_obtained":["Poisoned Stab","Caltrops"]},{"damage_healed":0,"gold_gain":0,"player_choice":"Fought Bandits","damage_taken":0,"max_hp_gain":0,"max_hp_loss":0,"event_name":"Masked Bandits","floor":21,"gold_loss":0},{"cards_removed":["Strike_G"],"damage_healed":0,"gold_gain":0,"player_choice":"Purged","damage_taken":0,"max_hp_gain":0,"max_hp_loss":0,"event_name":"Purifier","floor":22,"gold_loss":0},{"damage_healed":0,"gold_gain":0,"player_choice":"Ignored","damage_taken":0,"max_hp_gain":0,"max_hp_loss":0,"event_name":"Cursed Tome","floor":28,"gold_loss":0},{"damage_healed":0,"gold_gain":0,"player_choice":"Ignored","damage_taken":0,"max_hp_gain":0,"max_hp_loss":0,"event_name":"The Mausoleum","floor":30,"gold_loss":0},{"damage_healed":0,"gold_gain":222,"player_choice":"Wore Mask","damage_taken":0,"max_hp_gain":0,"max_hp_loss":0,"event_name":"Tomb of Lord Red Mask","floor":36,"gold_loss":0},{"damage_healed":0,"gold_gain":0,"player_choice":"Ignored","damage_taken":0,"max_hp_gain":0,"max_hp_loss":0,"event_name":"Mysterious Sphere","floor":44,"gold_loss":0}],"is_beta":false,"boss_relics":[{"not_picked":["Empty Cage","Fusion Hammer"],"picked":"Philosopher\u0027s Stone"},{"not_picked":["Coffee Dripper","Snecko Eye"],"picked":"Runic Dome"}],"items_purged_floors":[11,38],"is_endless":false,"potions_floor_spawned":[3,7,8,10,21,27,31,37,39,42],"killed_by":"Spire Growth","ascension_level":20,"potion_discard_per_floor":[[],[],[],[],[],[],[],[],[],[],[],[],[],[],[],[],[],[],[],[],[],[],[],[],[],[],[],[],[],[],[],[],[],[],[],[],[],["SteroidPotion"],[],[],[],[],[],[],[]]}