{"gold_per_floor":[363,513,531,155,166,192,192,217,217,217,236,246,246,260,260,338,338,358,372,372,372,13,13,41,41,96,122,122,141,141,159,159,230,230,249,249,261,275,291,320,343,353,353,353,367,393,393,393,393,393,393],"floor_reached":51,"playtime":3597,"items_purged":["Doubt","Bite"],"score":1568,"play_id":"e831bc0d-65e8-4182-a583-d2bcbed756fe","local_time":"20230309015522","is_ascension_mode":true,"campfire_choices":[{"floor":7,"key":"REST"},{"data":"Noxious Fumes","floor":13,"key":"SMITH"},{"floor":15,"key":"REST"},{"data":"Catalyst","floor":23,"key":"SMITH"},{"data":"Well Laid Plans","floor":25,"key":"SMITH"},{"data":"Master of Strategy","floor":30,"key":"SMITH"},{"data":"Adrenaline","floor":32,"key":"SMITH"},{"floor":44,"key":"REST"},{"data":"Wraith Form v2","floor":47,"key":"SMITH"},{"floor":49,"key":"RECALL"}],"neow_cost":"TEN_PERCENT_HP_LOSS","seed_source_timestamp":1896031304812100,"circlet_count":0,"master_deck":["AscendersBane","Defend_G","Defend_G","Defend_G","Defend_G","Defend_G+1","Survivor","Neutralize","Flying Knee","Crippling Poison+1","Noxious Fumes+1","Master of Strategy+1","Flying Knee","Adrenaline+1","Noxious Fumes","PiercingWail","Catalyst+1","Die Die Die","Dagger Throw","Bite","Bite","Bite","Bite","Well Laid Plans+1","Grand Finale","Backflip","Wraith Form v2+1","Expertise","Escape Plan+1","Blade Dance+1","Catalyst+1","Outmaneuver+1","Dodge and Roll+1"],"relics":["Ring of the Snake","Membership Card","War Paint","Pear","Potion Belt","HoveringKite","Kunai","Strange Spoon","Regal Pillow","MealTicket","Darkstone Periapt","Philosopher\u0027s Stone","Toxic Egg 2","Bottled Tornado","Smiling Mask"],"potions_floor_usage":[6,8,14,16,24,24,29,33,33,37,39,39,40,45,48,50,50,51,51,51,51],"damage_taken":[{"damage":1,"enemies":"2 Louse","floor":1,"turns":3},{"damage":9,"enemies":"Jaw Worm","floor":3,"turns":5},{"damage":0,"enemies":"Cultist","floor":5,"turns":5},{"damage":26,"enemies":"Gremlin Nob","floor":6,"turns":4},{"damage":21,"enemies":"3 Sentries","floor":8,"turns":9},{"damage":1,"enemies":"Blue Slaver","floor":11,"turns":4},{"damage":7,"enemies":"Large Slime","floor":12,"turns":6},{"damage":4,"enemies":"Exordium Wildlife","floor":14,"turns":5},{"damage":18,"enemies":"The Guardian","floor":16,"turns":9},{"damage":0,"enemies":"3 Byrds","floor":18,"turns":5},{"damage":0,"enemies":"Spheric Guardian","floor":19,"turns":3},{"damage":9,"enemies":"Slavers","floor":24,"turns":4},{"damage":1,"enemies":"Gremlin Leader","floor":27,"turns":7},{"damage":28,"enemies":"Cultist and Chosen","floor":29,"turns":7},{"damage":0,"enemies":"Snecko","floor":31,"turns":3},{"damage":48,"enemies":"Collector","floor":33,"turns":9},{"damage":12,"enemies":"3 Darklings","floor":35,"turns":4},{"damage":19,"enemies":"Orb Walker","floor":37,"turns":5},{"damage":0,"enemies":"Jaw Worm Horde","floor":38,"turns":3},{"damage":9,"enemies":"4 Shapes","floor":39,"turns":6},{"damage":15,"enemies":"Reptomancer","floor":40,"turns":6},{"damage":1,"enemies":"Maw","floor":42,"turns":6},{"damage":19,"enemies":"Jaw Worm Horde","floor":45,"turns":6},{"damage":0,"enemies":"Nemesis","floor":46,"turns":7},{"damage":0,"enemies":"Spire Growth","floor":48,"turns":2},{"damage":54,"enemies":"Time Eater","floor":50,"turns":9},{"damage":27,"enemies":"Donu and Deca","floor":51,"turns":5}],"seed_played":"-4859849910465136108","potions_obtained":[{"floor":6,"key":"Poison Potion"},{"floor":8,"key":"SkillPotion"},{"floor":11,"key":"GhostInAJar"},{"floor":12,"key":"SteroidPotion"},{"floor":27,"key":"Weak Potion"},{"floor":31,"key":"Block Potion"},{"floor":33,"key":"Explosive Potion"},{"floor":37,"key":"CunningPotion"},{"floor":38,"key":"ColorlessPotion"},{"floor":42,"key":"EntropicBrew"}],"is_trial":false,"path_per_floor":["M","?","M","$","M","E","R","E","T","?","M","M","R","M","R","B",null,"M","M","?","?","$","R","E","R","T","E","?","M","R","M","R","B",null,"M","?","M","M","M","E","T","M","T","R","M","E","R","M","R","B","B"],"character_chosen":"THE_SILENT","basemod:card_modifiers":[null,null,null,null,null,null,null,null,null,null,null,null,null,null,null,null,null,null,null,null,null,null,null,null,null,null,null,null,null,null,null,null,null],"items_purchased":["Membership Card","Noxious Fumes","CunningPotion","Master of Strategy","Kunai","Strange Spoon","ColorlessPotion","PowerPotion","Weak Potion"],"campfire_rested":3,"item_purchase_floors":[4,4,4,4,22,22,22,22,22],"current_hp_per_floor":[58,58,49,49,49,23,41,30,30,23,22,15,15,11,32,14,56,56,56,36,36,36,36,29,29,29,46,46,30,30,38,38,8,41,31,31,20,22,19,16,16,31,31,52,41,52,52,52,52,12,0],"gold":393,"neow_bonus":"TWO_FIFTY_GOLD","is_prod":false,"is_daily":false,"chose_seed":false,"campfire_upgraded":6,"win_rate":0,"timestamp":1678344922,"path_taken":["M","?","M","$","M","E","R","E","T","?","M","M","R","?","R","BOSS","M","M","?","?","$","R","E","R","T","E","?","M","R","M","R","BOSS","M","?","M","M","M","E","?","M","T","R","M","E","R","M","R","BOSS","BOSS"],"build_version":"2022-12-18","purchased_purges":2,"victory":false,"max_hp_per_floor":[60,60,60,60,60,60,60,70,70,70,70,70,70,70,70,70,70,70,70,75,52,52,52,52,52,52,52,52,52,52,52,52,52,52,52,52,52,52,52,52,52,52,52,52,52,52,52,52,52,52,52],"relic_stats":{"Darkstone Periapt":0,"Regal Pillow":6,"counters":[27,147],"HoveringKite":[36],"War Paint":["Crippling Poison","Defend_G"],"Bottled Tornado":"Well Laid Plans","Smiling Mask":0,"Strange Spoon":[62],"MealTicket":0,"Membership Card":557,"Kunai":[35],"obtain_stats":[{"Potion Belt":9,"Darkstone Periapt":27,"Regal Pillow":24,"Pear":8,"HoveringKite":17,"War Paint":6,"Bottled Tornado":43,"Smiling Mask":46,"Strange Spoon":22,"MealTicket":26,"Philosopher\u0027s Stone":34,"Membership Card":4,"Kunai":22,"Toxic Egg 2":40,"Ring of the Snake":0},{"Potion Belt":5,"Darkstone Periapt":13,"Regal Pillow":12,"Pear":5,"HoveringKite":9,"War Paint":4,"Bottled Tornado":22,"Smiling Mask":24,"Strange Spoon":11,"MealTicket":12,"Philosopher\u0027s Stone":16,"Membership Card":2,"Kunai":11,"Toxic Egg 2":21,"Ring of the Snake":0},{"Potion Belt":26,"Darkstone Periapt":69,"Regal Pillow":62,"Pear":26,"HoveringKite":50,"War Paint":17,"Bottled Tornado":118,"Smiling Mask":131,"Strange Spoon":58,"MealTicket":62,"Philosopher\u0027s Stone":88,"Membership Card":8,"Kunai":58,"Toxic Egg 2":112,"Ring of the Snake":0}],"Ring of the Snake":[54]},"card_choices":[{"not_picked":["Sucker Punch","Slice"],"picked":"Flying Knee","floor":1},{"not_picked":["Expertise","Underhanded Strike"],"picked":"Crippling Poison","floor":3},{"not_picked":["Sucker Punch","Escape Plan"],"picked":"Flying Knee","floor":5},{"not_picked":["Heel Hook","Backflip"],"picked":"Adrenaline","floor":6},{"not_picked":["Prepared","Bane"],"picked":"Noxious Fumes","floor":8},{"not_picked":["Dagger Throw","Deflect"],"picked":"PiercingWail","floor":11},{"not_picked":["Dodge and Roll","Reflex"],"picked":"Catalyst","floor":12},{"not_picked":["Slice","Poisoned Stab","Quick Slash"],"picked":"SKIP","floor":14},{"not_picked":["Unload","Bullet Time"],"picked":"Die Die Die","floor":16},{"not_picked":["Dagger Spray","Cloak And Dagger+1"],"picked":"Dagger Throw","floor":18},{"not_picked":["Dagger Throw","Cloak And Dagger","Accuracy"],"picked":"SKIP","floor":19},{"not_picked":["Dagger Throw","Slice"],"picked":"Well Laid Plans","floor":24},{"not_picked":["Tactician","Slice","Bouncing Flask"],"picked":"SKIP","floor":27},{"not_picked":["PiercingWail","Quick Slash+1"],"picked":"Backflip","floor":29},{"not_picked":["Dagger Throw","Underhanded Strike","Quick Slash"],"picked":"SKIP","floor":31},{"not_picked":["Glass Knife","Die Die Die"],"picked":"Wraith Form v2","floor":33},{"not_picked":["Dagger Throw","Flying Knee+1"],"picked":"Expertise","floor":35},{"not_picked":["Dagger Throw","Concentrate"],"picked":"Escape Plan+1","floor":37},{"not_picked":["Quick Slash","Footwork"],"picked":"Blade Dance+1","floor":38},{"not_picked":["Cloak And Dagger","Backflip"],"picked":"Catalyst+1","floor":39},{"not_picked":["Envenom","Skewer"],"picked":"Outmaneuver+1","floor":40},{"not_picked":["Dagger Spray+1","Outmaneuver+1","Endless Agony"],"picked":"SKIP","floor":42},{"not_picked":["Blur+1","Outmaneuver+1"],"picked":"Dodge and Roll+1","floor":45},{"not_picked":["Flechettes","Dagger Throw","Well Laid Plans"],"picked":"SKIP","floor":46},{"not_picked":["Flechettes","Dagger Throw","Well Laid Plans"],"picked":"SKIP","floor":46}],"player_experience":1510260,"relics_obtained":[{"floor":6,"key":"War Paint"},{"floor":8,"key":"Pear"},{"floor":9,"key":"Potion Belt"},{"floor":24,"key":"Regal Pillow"},{"floor":26,"key":"MealTicket"},{"floor":27,"key":"Darkstone Periapt"},{"floor":40,"key":"Toxic Egg 2"},{"floor":43,"key":"Bottled Tornado"},{"floor":46,"key":"Smiling Mask"}],"event_choices":[{"damage_healed":0,"gold_gain":150,"player_choice":"AGREE","damage_taken":0,"max_hp_gain":0,"max_hp_loss":0,"event_name":"Liars Game","floor":2,"gold_loss":0,"cards_obtained":["Doubt"]},{"cards_removed":["Strike_G"],"damage_healed":0,"gold_gain":0,"player_choice":"Card Removal","damage_taken":7,"max_hp_gain":0,"max_hp_loss":0,"event_name":"Golden Wing","floor":10,"gold_loss":0},{"damage_healed":0,"gold_gain":0,"player_choice":"Shed Blood","damage_taken":25,"max_hp_gain":5,"max_hp_loss":0,"event_name":"Forgotten Altar","floor":20,"gold_loss":0},{"damage_healed":0,"gold_gain":0,"player_choice":"Became a vampire","damage_taken":0,"max_hp_gain":0,"max_hp_loss":23,"event_name":"Vampires","floor":21,"gold_loss":0,"cards_obtained":["Bite","Bite","Bite","Bite","Bite"]},{"damage_healed":0,"gold_gain":0,"player_choice":"Read","damage_taken":0,"max_hp_gain":0,"max_hp_loss":0,"event_name":"The Library","floor":28,"gold_loss":0,"cards_obtained":["Grand Finale"]},{"damage_healed":0,"gold_gain":0,"player_choice":"Memory 1","damage_taken":0,"max_hp_gain":0,"max_hp_loss":0,"event_name":"SensoryStone","floor":36,"gold_loss":0}],"is_beta":false,"boss_relics":[{"not_picked":["Black Star","Busted Crown"],"picked":"HoveringKite"},{"not_picked":["Tiny House","SlaversCollar"],"picked":"Philosopher\u0027s Stone"}],"items_purged_floors":[4,22],"is_endless":false,"potions_floor_spawned":[6,8,11,12,27,31,33,37,38,42,45],"killed_by":"Donu and Deca","ascension_level":20}