{"neow_bonuses_skipped_log":["HUNDRED_GOLD","REMOVE_TWO","BOSS_RELIC"],"neow_costs_skipped_log":["NONE","PERCENT_DAMAGE","NONE"],"potions_obtained_entropic_brew":[[],[],[],[],[],[],[],[],[],[],[],[],[],[]],"gold_per_floor":[113,131,131,206,223,223,253,253,299,317,346,346,129,129],"floor_reached":14,"playtime":563,"items_purged":["Strike_G"],"score":196,"play_id":"eb7d93ba-a3db-4c65-8409-640f76e54969","local_time":"20230321180707","score_breakdown":["Floors Climbed (14): 70","Enemies Slain (4): 8","Exordium Elites Killed (2): 20","Bosses Slain (0): 0","Ascension (20): 98"],"is_ascension_mode":true,"potions_obtained_alchemize":[[],[],[],[],[],[],[],[],[],[],[],[],[],[]],"campfire_choices":[{"data":"Bouncing Flask","floor":6,"key":"SMITH"},{"floor":8,"key":"REST"}],"lesson_learned_per_floor":[[],[],[],[],[],[],[],[],[],[],[],[],[],[]],"neow_cost":"NONE","improvable_cards":{},"seed_source_timestamp":2990567698453700,"shop_contents":[{"floor":13,"relics":["Whetstone","Toy Ornithopter","TheAbacus"],"cards":["Bane","Slice","Blade Dance","Escape Plan","Purity","Chrysalis"],"potions":["Energy Potion","Dexterity Potion"]}],"circlet_count":0,"master_deck":["AscendersBane","Strike_G","Strike_G","Strike_G","Strike_G","Defend_G","Defend_G","Defend_G","Defend_G","Survivor","Neutralize","Phantasmal Killer","Slice","Eviscerate","Skewer","Bouncing Flask+1","Backflip","Endless Agony","Crippling Poison","Footwork"],"potion_use_per_floor":[[],[],[],[],[],[],["Swift Potion"],[],[],["Strength Potion"],["Energy Potion"],[],[],["SkillPotion"]],"relics":["Ring of the Snake","Juzu Bracelet","Regal Pillow","Potion Belt"],"potions_floor_usage":[7,10,11,14],"damage_taken":[{"damage":1,"enemies":"Small Slimes","floor":1,"turns":4},{"damage":6,"enemies":"2 Louse","floor":2,"turns":4},{"damage":0,"enemies":"Cultist","floor":5,"turns":3},{"damage":17,"enemies":"Lagavulin","floor":7,"turns":6},{"damage":17,"enemies":"Lots of Slimes","floor":10,"turns":4},{"damage":25,"enemies":"3 Sentries","floor":11,"turns":7},{"damage":30,"enemies":"Gremlin Gang","floor":14,"turns":3}],"seed_played":"-1103780211659076236","neow_bonus_log":{"cardsObtained":["Phantasmal Killer"],"cardsUpgraded":[],"cardsRemoved":[],"cardsTransformed":[],"relicsObtained":[],"maxHpGained":0,"goldGained":0,"damageTaken":0,"goldLost":0,"maxHpLost":0},"potions_obtained":[{"floor":5,"key":"Swift Potion"},{"floor":7,"key":"Strength Potion"},{"floor":10,"key":"Energy Potion"},{"floor":11,"key":"SkillPotion"}],"is_trial":false,"path_per_floor":["M","M","?","?","M","R","E","R","T","M","E","?","$","M"],"character_chosen":"THE_SILENT","basemod:card_modifiers":[null,null,null,null,null,null,null,null,null,null,null,null,null,null,null,null,null,null,null,null],"items_purchased":["Footwork","CultistPotion"],"campfire_rested":1,"item_purchase_floors":[13,13],"current_hp_per_floor":[58,52,52,41,41,41,24,43,43,26,1,23,23,0],"gold":129,"neow_bonus":"ONE_RANDOM_RARE_CARD","is_prod":false,"is_daily":false,"rewards_skipped":[],"chose_seed":false,"campfire_upgraded":1,"win_rate":0,"floor_exit_playtime":[61,125,136,142,171,184,258,265,268,364,446,450,487],"timestamp":1679436427,"path_taken":["M","M","?","?","M","R","E","R","T","M","E","?","$","M"],"build_version":"2022-12-18","purchased_purges":1,"victory":false,"max_hp_per_floor":[66,66,66,66,66,66,66,66,66,66,66,66,66,66],"relic_stats":{"Regal Pillow":0,"counters":[7,31],"Juzu Bracelet":0,"obtain_stats":[{"Potion Belt":11,"Regal Pillow":9,"Juzu Bracelet":7,"Ring of the Snake":0},{"Potion Belt":6,"Regal Pillow":4,"Juzu Bracelet":4,"Ring of the Snake":0},{"Potion Belt":28,"Regal Pillow":17,"Juzu Bracelet":17,"Ring of the Snake":0}],"Ring of the Snake":[14]},"card_choices":[{"not_picked":["Backflip","PiercingWail"],"picked":"Slice","floor":1},{"not_picked":["Underhanded Strike","Footwork"],"picked":"Eviscerate","floor":2},{"not_picked":["Heel Hook","Prepared"],"picked":"Bouncing Flask","floor":5},{"not_picked":["PiercingWail","Concentrate"],"picked":"Backflip","floor":7},{"not_picked":["Corpse Explosion","Dagger Throw"],"picked":"Endless Agony","floor":10},{"not_picked":["Concentrate","Bane"],"picked":"Crippling Poison","floor":11}],"player_experience":1600723,"relics_obtained":[{"floor":7,"key":"Juzu Bracelet"},{"floor":9,"key":"Regal Pillow"},{"floor":11,"key":"Potion Belt"}],"event_choices":[{"damage_healed":0,"gold_gain":0,"cards_transformed":["Defend_G"],"player_choice":"Change","damage_taken":0,"max_hp_gain":0,"max_hp_loss":0,"event_name":"Living Wall","floor":3,"gold_loss":0,"cards_obtained":["Skewer"]},{"damage_healed":0,"gold_gain":75,"player_choice":"Gather Gold","damage_taken":11,"max_hp_gain":0,"max_hp_loss":0,"event_name":"World of Goop","floor":4,"gold_loss":0},{"damage_healed":22,"gold_gain":0,"player_choice":"Banana","damage_taken":0,"max_hp_gain":0,"max_hp_loss":0,"event_name":"Big Fish","floor":12,"gold_loss":0}],"is_beta":false,"boss_relics":[],"items_purged_floors":[13],"is_endless":false,"potions_floor_spawned":[5,7,10,11],"killed_by":"Gremlin Gang","ascension_level":20,"potion_discard_per_floor":[[],[],[],[],[],[],[],[],[],[],[],[],[],[]]}