{"neow_bonuses_skipped_log":["RANDOM_COLORLESS","THREE_SMALL_POTIONS","BOSS_RELIC"],"neow_costs_skipped_log":["NONE","NONE","NONE"],"potions_obtained_entropic_brew":[[],[],[],[],[],[],[],[],[],[],[],[],[],[],[],[],[],[],[],[],[],[],[],[],[],[],[],[],[],[],[],[],[]],"gold_per_floor":[117,134,134,144,162,162,196,196,220,57,57,67,94,114,114,185,185,199,199,215,228,41,41,74,84,137,137,137,162,87,105,105,105],"floor_reached":33,"playtime":1710,"items_purged":[],"score":644,"play_id":"3a4e56b1-90d9-4d98-8c19-e9dfa5b31ad1","local_time":"20230329020200","score_breakdown":["Floors Climbed (33): 165","Enemies Slain (11): 22","Exordium Elites Killed (2): 20","City Elites Killed (2): 40","Bosses Slain (1): 50","Champion (1): 25","Ascension (20): 322"],"is_ascension_mode":true,"potions_obtained_alchemize":[[],[],[],[],[],[],[],[],[],[],[],[],[],[],[],[],[],[],[],[],[],[],[],[],[],[],[],[],[],[],[],[],[]],"campfire_choices":[{"data":"Dagger Throw","floor":6,"key":"SMITH"},{"floor":8,"key":"REST"},{"data":"Dash","floor":11,"key":"SMITH"},{"data":"Dagger Throw","floor":15,"key":"SMITH"},{"data":"Adrenaline","floor":23,"key":"SMITH"},{"data":"Ghostly","floor":28,"key":"SMITH"},{"data":"Ghostly","floor":32,"key":"SMITH"}],"lesson_learned_per_floor":[[],[],[],[],[],[],[],[],[],[],[],[],[],[],[],[],[],[],[],[],[],[],[],[],[],[],[],[],[],[],[],[],[]],"neow_cost":"TEN_PERCENT_HP_LOSS","improvable_cards":{},"seed_source_timestamp":291873981978000,"shop_contents":[{"floor":10,"relics":["Pear","Girya"],"cards":["Grand Finale","Dagger Throw","PiercingWail","Cloak And Dagger","Envenom","Jack Of All Trades","Metamorphosis"],"potions":["SpeedPotion","FairyPotion","LiquidBronze"]},{"floor":22,"relics":["Pen Nib","Vajra"],"cards":["Skewer","Dash","Deadly Poison","Accuracy","Finesse","Metamorphosis"],"potions":["LiquidBronze","CunningPotion","Explosive Potion"]}],"circlet_count":0,"master_deck":["AscendersBane","Strike_G+1","Strike_G+1","Strike_G+1","Strike_G+1","Defend_G+1","Defend_G+1","Defend_G+1","Survivor","Neutralize","Quick Slash","Eviscerate+1","Dash+1","Dagger Throw+1","Dagger Throw+1","Adrenaline+1","Acrobatics","Dagger Spray+1","Acrobatics","Outmaneuver","Ghostly+1","Ghostly+1","Ghostly","Concentrate"],"potion_use_per_floor":[[],[],[],[],[],[],["SteroidPotion"],[],[],[],[],[],[],[],[],["Swift Potion","Explosive Potion"],[],[],[],[],[],[],[],["EssenceOfSteel"],["Poison Potion"],[],[],[],[],[],[],[],["SkillPotion"]],"relics":["Ring of the Snake","Happy Flower","PreservedInsect","Frozen Eye","Omamori","Runic Pyramid","Medical Kit","Lantern","Snake Skull","Blue Candle"],"potions_floor_usage":[7,16,16,24,25,33],"damage_taken":[{"damage":0,"enemies":"2 Louse","floor":1,"turns":4},{"damage":4,"enemies":"Small Slimes","floor":2,"turns":4},{"damage":1,"enemies":"Jaw Worm","floor":4,"turns":2},{"damage":4,"enemies":"Blue Slaver","floor":5,"turns":4},{"damage":21,"enemies":"Lagavulin","floor":7,"turns":7},{"damage":0,"enemies":"3 Louse","floor":12,"turns":5},{"damage":8,"enemies":"Gremlin Nob","floor":13,"turns":3},{"damage":0,"enemies":"Gremlin Gang","floor":14,"turns":4},{"damage":21,"enemies":"Slime Boss","floor":16,"turns":8},{"damage":0,"enemies":"3 Byrds","floor":18,"turns":5},{"damage":6,"enemies":"2 Thieves","floor":20,"turns":3},{"damage":12,"enemies":"Snake Plant","floor":21,"turns":4},{"damage":9,"enemies":"Book of Stabbing","floor":24,"turns":5},{"damage":6,"enemies":"Shelled Parasite and Fungi","floor":25,"turns":3},{"damage":0,"enemies":"Gremlin Leader","floor":29,"turns":3},{"damage":0,"enemies":"Centurion and Healer","floor":31,"turns":4},{"damage":24,"enemies":"Automaton","floor":33,"turns":10}],"seed_played":"-2739620897181732716","neow_bonus_log":{"cardsObtained":[],"cardsUpgraded":[],"cardsRemoved":["Defend_G","Defend_G"],"cardsTransformed":[],"relicsObtained":[],"maxHpGained":0,"goldGained":0,"damageTaken":0,"goldLost":0,"maxHpLost":6},"potions_obtained":[{"floor":4,"key":"Swift Potion"},{"floor":5,"key":"SteroidPotion"},{"floor":12,"key":"Block Potion"},{"floor":13,"key":"Explosive Potion"},{"floor":16,"key":"Poison Potion"},{"floor":21,"key":"EssenceOfSteel"},{"floor":29,"key":"SkillPotion"}],"is_trial":false,"path_per_floor":["M","M","?","M","M","R","E","R","T","$","R","M","E","M","R","B",null,"M","?","M","M","$","R","E","M","T","?","R","E","?","M","R","B"],"character_chosen":"THE_SILENT","basemod:card_modifiers":[null,null,null,null,null,null,null,null,null,null,null,null,null,null,null,null,null,null,null,null,null,null,null,null],"items_purchased":["Frozen Eye","Acrobatics","Medical Kit"],"campfire_rested":1,"item_purchase_floors":[10,22,22],"current_hp_per_floor":[59,55,55,54,50,50,29,47,47,47,47,47,39,39,39,18,50,50,50,44,32,32,32,23,17,17,17,17,17,17,17,17,0],"gold":105,"neow_bonus":"REMOVE_TWO","is_prod":false,"is_daily":false,"rewards_skipped":[],"chose_seed":false,"campfire_upgraded":6,"win_rate":0,"floor_exit_playtime":[52,87,96,118,150,160,230,237,239,259,266,314,360,437,442,604,623,707,711,787,866,875,883,1019,1110,1116,1122,1253,1330,1339,1425,1433],"timestamp":1680069720,"path_taken":["M","M","?","M","M","R","E","R","T","$","R","M","E","M","R","BOSS","M","?","M","M","$","R","E","M","T","?","R","E","?","M","R","BOSS"],"build_version":"2022-12-18","purchased_purges":0,"victory":false,"max_hp_per_floor":[60,60,60,60,60,60,60,60,60,60,60,60,60,60,60,60,60,60,60,60,60,60,60,60,60,60,30,30,30,30,30,30,30],"relic_stats":{"Frozen Eye":11.424762,"Happy Flower":[19],"counters":[17,78],"Blue Candle":[0],"PreservedInsect":111,"Snake Skull":[0],"Omamori":0,"Medical Kit":[0],"obtain_stats":[{"Frozen Eye":10,"Lantern":24,"Happy Flower":7,"Blue Candle":29,"PreservedInsect":9,"Snake Skull":26,"Omamori":13,"Medical Kit":22,"Ring of the Snake":0,"Runic Pyramid":17},{"Frozen Eye":5,"Lantern":13,"Happy Flower":5,"Blue Candle":15,"PreservedInsect":5,"Snake Skull":14,"Omamori":7,"Medical Kit":12,"Ring of the Snake":0,"Runic Pyramid":9},{"Frozen Eye":21,"Lantern":58,"Happy Flower":21,"Blue Candle":64,"PreservedInsect":21,"Snake Skull":61,"Omamori":29,"Medical Kit":53,"Ring of the Snake":0,"Runic Pyramid":41}],"Ring of the Snake":[34]},"card_choices":[{"not_picked":["Outmaneuver","Prepared"],"picked":"Quick Slash","floor":1},{"not_picked":["Bane","Quick Slash"],"picked":"Eviscerate","floor":2},{"not_picked":["Deflect","Slice"],"picked":"Dash","floor":4},{"not_picked":["Backflip","Skewer"],"picked":"Dagger Throw","floor":5},{"not_picked":["Outmaneuver","Leg Sweep","Choke"],"picked":"SKIP","floor":7},{"not_picked":["Flying Knee","Dagger Throw","Distraction"],"picked":"SKIP","floor":12},{"not_picked":["Eviscerate","Quick Slash","Caltrops"],"picked":"SKIP","floor":13},{"not_picked":["Deflect","Dodge and Roll"],"picked":"Dagger Throw","floor":14},{"not_picked":["Unload","Glass Knife"],"picked":"Adrenaline","floor":16},{"not_picked":["Dagger Throw","Escape Plan"],"picked":"Acrobatics","floor":18},{"not_picked":["Deadly Poison","Backflip"],"picked":"Dagger Spray+1","floor":20},{"not_picked":["Dagger Throw","Bane","Dodge and Roll"],"picked":"SKIP","floor":21},{"not_picked":["Dagger Spray","Choke","Flechettes+1"],"picked":"SKIP","floor":24},{"not_picked":["Blade Dance","A Thousand Cuts"],"picked":"Outmaneuver","floor":25},{"not_picked":["Finisher","Blade Dance"],"picked":"Concentrate","floor":29},{"not_picked":["Choke","All Out Attack","Underhanded Strike"],"picked":"SKIP","floor":31}],"player_experience":1619079,"relics_obtained":[{"floor":7,"key":"Happy Flower"},{"floor":9,"key":"PreservedInsect"},{"floor":13,"key":"Omamori"},{"floor":24,"key":"Lantern"},{"floor":26,"key":"Snake Skull"},{"floor":29,"key":"Blue Candle"}],"event_choices":[{"damage_healed":0,"gold_gain":0,"player_choice":"Grow","damage_taken":0,"max_hp_gain":0,"max_hp_loss":0,"event_name":"Living Wall","floor":3,"gold_loss":0,"cards_upgraded":["Eviscerate"]},{"damage_healed":0,"gold_gain":0,"player_choice":"Simplicity","damage_taken":0,"max_hp_gain":0,"max_hp_loss":0,"event_name":"Back to Basics","floor":19,"gold_loss":0,"cards_upgraded":["Strike_G","Strike_G","Strike_G","Strike_G","Strike_G","Defend_G","Defend_G","Defend_G"]},{"damage_healed":0,"gold_gain":0,"player_choice":"Became a Ghost","damage_taken":0,"max_hp_gain":0,"max_hp_loss":30,"event_name":"Ghosts","floor":27,"gold_loss":0,"cards_obtained":["Ghostly","Ghostly","Ghostly"]},{"cards_removed":["Strike_G"],"damage_healed":0,"gold_gain":0,"player_choice":"Gave Gold","damage_taken":0,"max_hp_gain":0,"max_hp_loss":0,"event_name":"Beggar","floor":30,"gold_loss":75}],"is_beta":false,"boss_relics":[{"not_picked":["WristBlade","Astrolabe"],"picked":"Runic Pyramid"}],"items_purged_floors":[],"is_endless":false,"potions_floor_spawned":[4,5,12,13,16,21,29],"killed_by":"Automaton","ascension_level":20,"potion_discard_per_floor":[[],[],[],[],[],[],[],[],[],[],[],[],["Block Potion"],[],[],[],[],[],[],[],[],[],[],[],[],[],[],[],[],[],[],[],[]]}