{"neow_bonuses_skipped_log":["TRANSFORM_CARD","HUNDRED_GOLD","BOSS_RELIC"],"neow_costs_skipped_log":["NONE","NONE","NONE"],"potions_obtained_entropic_brew":[[],[],[],[],[],[],[],[],[],[],[],[],[],[],[],[],[],[],[],[],[],[],[],[],[],[],[],[],[],[],[],[],[],[],[],[],[],[],[],[],[],[],[],[],[],[],[],[],[],[],[]],"gold_per_floor":[109,159,176,193,205,205,239,164,164,176,206,25,37,65,65,136,136,106,106,120,120,140,140,140,140,140,167,167,199,231,251,251,328,328,343,355,25,25,25,25,51,51,99,115,145,163,385,32,32,32,32],"floor_reached":51,"playtime":3348,"items_purged":["Strike_G","Strike_G","Strike_G+1"],"score":1701,"play_id":"6cf4863e-f017-4373-8df1-2179548d6e91","local_time":"20230329013321","falling_options_log":["Choke","After Image+1"],"score_breakdown":["Floors Climbed (51): 255","Enemies Slain (14): 28","Exordium Elites Killed (3): 30","City Elites Killed (2): 40","Beyond Elites Killed (2): 60","Bosses Slain (3): 300","Collector (1): 25","Champion (3): 75","Perfect (1): 50","Ascension (20): 838"],"is_ascension_mode":true,"potions_obtained_alchemize":[[],[],[],[],[],[],[],[],[],[],[],[],[],[],[],[],[],[],[],[],[],[],[],[],[],[],[],[],[],[],[],[],[],[],[],[],[],[],[],[],[],[],[],[],[],[],[],[],[],[],[]],"campfire_choices":[{"data":"Dagger Spray","floor":6.0,"key":"SMITH"},{"data":"Blade Dance","floor":15,"key":"SMITH"},{"data":"Wraith Form v2","floor":23,"key":"SMITH"},{"data":"Wraith Form v2","floor":25,"key":"SMITH"},{"data":"Acrobatics","floor":28,"key":"SMITH"},{"data":"Leg Sweep","floor":32,"key":"SMITH"},{"data":"Burst","floor":40,"key":"SMITH"},{"floor":42,"key":"RECALL"},{"data":"Acrobatics","floor":49,"key":"SMITH"}],"lesson_learned_per_floor":[[],[],[],[],[],[],[],[],[],[],[],[],[],[],[],[],[],[],[],[],[],[],[],[],[],[],[],[],[],[],[],[],[],[],[],[],[],[],[],[],[],[],[],[],[],[],[],[],[],[],[]],"neow_cost":"TEN_PERCENT_HP_LOSS","improvable_cards":{},"seed_source_timestamp":288470986956700,"shop_contents":[{"floor":8,"relics":["Paper Crane","Orichalcum","Sling"],"cards":["Masterful Stab","Glass Knife","Setup","Calculated Gamble","Infinite Blades","Trip","Magnetism"],"potions":["AttackPotion","Energy Potion","Swift Potion"]},{"floor":12,"relics":["Regal Pillow","Mango","Medical Kit"],"cards":["Grand Finale","Dagger Spray","Catalyst","Prepared","Jack Of All Trades","Mayhem"],"potions":["Strength Potion","Dexterity Potion","Regen Potion"]},{"floor":37,"relics":["Gremlin Horn","MealTicket","TheAbacus"],"cards":["Grand Finale","Masterful Stab","Catalyst","Prepared","Infinite Blades+1","Madness","The Bomb"],"potions":["SteroidPotion","SkillPotion","EntropicBrew"]},{"floor":48,"relics":["Anchor","Ornamental Fan","Lee\u0027s Waffle"],"cards":["Sucker Punch","Flying Knee","Cloak And Dagger","Distraction","Footwork+1","Blind","Mayhem+1"],"potions":["Block Potion","CunningPotion","ColorlessPotion"]}],"circlet_count":0,"master_deck":["AscendersBane","Strike_G+1","Defend_G","Defend_G","Defend_G","Survivor","Neutralize","Flying Knee","After Image","Masterful Stab","Dagger Spray+1","Choke","Slice","After Image","Blade Dance+1","Wraith Form v2+1","Escape Plan","Wraith Form v2+1","Cloak And Dagger+1","Acrobatics+1","Leg Sweep+1","Burst+1","Footwork+1","Footwork+1","After Image+1","Choke+1","Acrobatics+1","Parasite","Blade Dance+1","Noxious Fumes+1","After Image+1","Accuracy+1","Well Laid Plans+1","Footwork+1"],"special_seed":0,"potion_use_per_floor":[[],[],[],[],[],[],["LiquidMemories"],[],[],[],["FearPotion"],[],[],["DuplicationPotion"],[],["Strength Potion"],[],[],[],[],[],["Regen Potion"],[],[],[],[],["PowerPotion"],[],["DistilledChaos"],[],[],[],["BlessingOfTheForge"],[],[],[],[],[],[],[],["AttackPotion"],[],[],[],[],["Fruit Juice"],[],[],[],[],["Poison Potion"]],"relics":["Ring of the Snake","Whetstone","Strawberry","Eternal Feather","Bottled Lightning","Runic Dome","Frozen Egg 2","Question Card","The Courier","Red Mask","Philosopher\u0027s Stone","Happy Flower","Mercury Hourglass"],"potions_floor_usage":[16,22,27,29,33,41,46,51],"damage_taken":[{"damage":2.0,"enemies":"Jaw Worm","floor":1.0,"turns":5.0},{"damage":0.0,"enemies":"Cultist","floor":3.0,"turns":3.0},{"damage":6.0,"enemies":"Small Slimes","floor":4.0,"turns":2.0},{"damage":0.0,"enemies":"2 Fungi Beasts","floor":5.0,"turns":2.0},{"damage":0.0,"enemies":"3 Sentries","floor":7.0,"turns":4.0},{"damage":0.0,"enemies":"Large Slime","floor":10.0,"turns":4.0},{"damage":10.0,"enemies":"Lagavulin","floor":11.0,"turns":5.0},{"damage":5.0,"enemies":"3 Louse","floor":13.0,"turns":2.0},{"damage":2.0,"enemies":"3 Sentries","floor":14.0,"turns":4.0},{"damage":30,"enemies":"Slime Boss","floor":16,"turns":8},{"damage":2,"enemies":"2 Thieves","floor":18,"turns":4},{"damage":0,"enemies":"Chosen","floor":20,"turns":4},{"damage":19,"enemies":"Sentry and Sphere","floor":22,"turns":9},{"damage":14,"enemies":"Book of Stabbing","floor":27,"turns":5},{"damage":23,"enemies":"Gremlin Leader","floor":29,"turns":8},{"damage":0,"enemies":"Masked Bandits","floor":30,"turns":4},{"damage":0,"enemies":"Centurion and Healer","floor":31,"turns":6},{"damage":0,"enemies":"Champ","floor":33,"turns":24},{"damage":11,"enemies":"3 Darklings","floor":35,"turns":5},{"damage":0,"enemies":"3 Shapes","floor":36,"turns":7},{"damage":0,"enemies":"Giant Head","floor":41,"turns":11},{"damage":0,"enemies":"Maw","floor":44,"turns":8},{"damage":0,"enemies":"Reptomancer","floor":45,"turns":8},{"damage":4,"enemies":"Writhing Mass","floor":46,"turns":9},{"damage":51,"enemies":"Time Eater","floor":50,"turns":18},{"damage":28,"enemies":"Awakened One","floor":51,"turns":2}],"green_key_taken_log":45,"seed_played":"6070078145908783364","neow_bonus_log":{"cardsObtained":["Flying Knee","After Image"],"cardsUpgraded":[],"cardsRemoved":[],"cardsTransformed":["Defend_G","Defend_G"],"relicsObtained":[],"maxHpGained":0,"goldGained":0,"damageTaken":0,"goldLost":0,"maxHpLost":6},"potions_obtained":[{"floor":4.0,"key":"FearPotion"},{"floor":5.0,"key":"LiquidMemories"},{"floor":7.0,"key":"DuplicationPotion"},{"floor":14,"key":"Strength Potion"},{"floor":16,"key":"Regen Potion"},{"floor":20,"key":"BlessingOfTheForge"},{"floor":22,"key":"PowerPotion"},{"floor":27,"key":"DistilledChaos"},{"floor":31,"key":"LiquidBronze"},{"floor":35,"key":"AttackPotion"},{"floor":44,"key":"Fruit Juice"},{"floor":46,"key":"Poison Potion"}],"is_trial":false,"path_per_floor":["M","?","M","M","M","R","E","$","T","M","E","$","M","E","R","B",null,"M","?","M","?","M","R","?","R","T","E","R","E","?","M","R","B",null,"M","M","$","?","?","R","E","R","T","M","E","M","?","$","R","B","B"],"character_chosen":"THE_SILENT","basemod:card_modifiers":[null,null,null,null,null,null,null,null,null,null,null,null,null,null,null,null,null,null,null,null,null,null,null,null,null,null,null,null,null,null,null,null,null,null],"items_purchased":["Wraith Form v2","Footwork+1","Footwork+1","After Image+1","Noxious Fumes+1","After Image+1","Accuracy+1","Well Laid Plans+1","Footwork+1"],"campfire_rested":0,"item_purchase_floors":[12,37,37,37,48,48,48,48,48],"current_hp_per_floor":[57,51,51,45,45,45,45,45,52,52,42,42,37,35,44,14,54,52,52,52,52,48,60,60,67,67,53,65,42,42,42,54,54,64,53,53,53,53,53,64,64,64,64,64,64,65,65,65,69,18,0],"gold":32,"neow_bonus":"TRANSFORM_TWO_CARDS","is_prod":false,"is_daily":false,"rewards_skipped":[],"chose_seed":false,"campfire_upgraded":8,"win_rate":0,"floor_exit_playtime":[94,106,132,169,202,220,281,310,314,369,424,440,480,559,568,682,696,793,797,852,862,992,1002,1006,1012,1015,1086,1095,1229,1321,1413,1423,1746,1762,1859,1961,1984,1993,2008,2016,2237,2254,2257,2372,2547,2700,2703,2719,2725,3281],"timestamp":1680068001,"blue_key_relic_skipped_log":{"floor":43,"relicID":"Dream Catcher"},"path_taken":["M","?","M","M","?","R","E","?","T","M","E","$","M","E","R","BOSS","M","?","M","?","M","R","?","R","T","E","R","E","?","M","R","BOSS","M","M","$","?","?","R","E","R","T","M","E","M","?","?","R","BOSS","BOSS"],"build_version":"2022-12-18","purchased_purges":3,"victory":false,"max_hp_per_floor":[60,60,60,60,60,60,60,60,67,67,67,67,67,67,67,67,67,67,67,67,67,67,67,67,67,67,67,67,67,67,67,67,67,67,67,67,67,64,64,64,64,64,64,64,64,69,69,69,69,69,69],"relic_stats":{"Happy Flower":[15],"counters":[26,171],"Eternal Feather":67,"The Courier":171,"Whetstone":["Strike_G","Strike_G"],"Bottled Lightning":"Escape Plan","Question Card":10,"obtain_stats":[{"Happy Flower":41,"Eternal Feather":11,"The Courier":29,"Whetstone":7,"Frozen Egg 2":26,"Question Card":27,"Mercury Hourglass":45,"Runic Dome":17,"Strawberry":9,"Philosopher\u0027s Stone":34,"Red Mask":30,"Bottled Lightning":14,"Ring of the Snake":0},{"Happy Flower":21,"Eternal Feather":7,"The Courier":15,"Whetstone":5,"Frozen Egg 2":13,"Question Card":14,"Mercury Hourglass":23,"Runic Dome":10,"Strawberry":5,"Philosopher\u0027s Stone":18,"Red Mask":16,"Bottled Lightning":9,"Ring of the Snake":0},{"Happy Flower":126,"Eternal Feather":25,"The Courier":69,"Whetstone":16,"Frozen Egg 2":56,"Question Card":61,"Mercury Hourglass":142,"Runic Dome":39,"Strawberry":16,"Philosopher\u0027s Stone":103,"Red Mask":73,"Bottled Lightning":31,"Ring of the Snake":0}],"Ring of the Snake":[52],"Mercury Hourglass":[78]},"card_choices":[{"not_picked":["Acrobatics","Catalyst"],"picked":"Masterful Stab","floor":1.0},{"not_picked":["Blade Dance","Quick Slash"],"picked":"Dagger Spray","floor":3.0},{"not_picked":["Dagger Spray","Deadly Poison"],"picked":"Choke","floor":4.0},{"not_picked":["Deflect","Setup"],"picked":"Slice","floor":5.0},{"not_picked":["Prepared","Poisoned Stab"],"picked":"After Image","floor":7.0},{"not_picked":["PiercingWail","Bane"],"picked":"Blade Dance","floor":10.0},{"not_picked":["Underhanded Strike","Setup","Infinite Blades"],"picked":"SKIP","floor":11.0},{"not_picked":["Footwork","Dagger Throw","Flying Knee"],"picked":"SKIP","floor":13.0},{"not_picked":["Sucker Punch","Eviscerate"],"picked":"Escape Plan","floor":14},{"not_picked":["Night Terror","Unload"],"picked":"Wraith Form v2","floor":16},{"not_picked":["Deadly Poison","Acrobatics"],"picked":"Cloak And Dagger+1","floor":18},{"not_picked":["Underhanded Strike","Masterful Stab","Dodge and Roll"],"picked":"SKIP","floor":20},{"not_picked":["Underhanded Strike","Slice","Sucker Punch"],"picked":"SKIP","floor":22},{"not_picked":["Slice","Cloak And Dagger"],"picked":"Acrobatics","floor":27},{"not_picked":["Dagger Spray+1","Cloak And Dagger","Glass Knife","Underhanded Strike"],"picked":"SKIP","floor":29},{"not_picked":["Underhanded Strike","Bane","Quick Slash","Dash"],"picked":"SKIP","floor":30},{"not_picked":["Catalyst","All Out Attack","Outmaneuver"],"picked":"Leg Sweep","floor":31},{"not_picked":["Die Die Die","Phantasmal Killer","Glass Knife"],"picked":"Burst","floor":33},{"not_picked":["Backflip","Underhanded Strike","Slice+1","Dagger Spray"],"picked":"SKIP","floor":35},{"not_picked":["Skewer+1","Outmaneuver","Finisher"],"picked":"Reflex","floor":36},{"not_picked":["Glass Knife","Quick Slash+1","Prepared"],"picked":"Choke+1","floor":41},{"not_picked":["Bane","Unload","Flying Knee","Outmaneuver"],"picked":"SKIP","floor":44},{"not_picked":["Bane","Prepared","Deflect"],"picked":"Acrobatics","floor":45},{"not_picked":["Terror+1","Poisoned Stab+1","Bane+1"],"picked":"Blade Dance+1","floor":46}],"player_experience":1615731,"relics_obtained":[{"floor":7.0,"key":"Whetstone"},{"floor":9.0,"key":"Strawberry"},{"floor":11.0,"key":"Eternal Feather"},{"floor":14,"key":"Bottled Lightning"},{"floor":26,"key":"Frozen Egg 2"},{"floor":27,"key":"Question Card"},{"floor":29,"key":"The Courier"},{"floor":30,"key":"Red Mask"},{"floor":41,"key":"Happy Flower"},{"floor":45,"key":"Mercury Hourglass"}],"event_choices":[{"damage_healed":0.0,"max_hp_gain":0.0,"max_hp_loss":0.0,"gold_gain":50.0,"event_name":"FaceTrader","player_choice":"Touch","floor":2.0,"gold_loss":0.0,"damage_taken":6.0},{"damage_healed":0,"gold_gain":0,"player_choice":"Ignored","damage_taken":0,"max_hp_gain":0,"max_hp_loss":0,"event_name":"Ghosts","floor":19,"gold_loss":0},{"cards_removed":["Strike_G"],"damage_healed":0,"gold_gain":0,"player_choice":"Elegance","damage_taken":0,"max_hp_gain":0,"max_hp_loss":0,"event_name":"Back to Basics","floor":21,"gold_loss":0},{"damage_healed":0,"gold_gain":0,"player_choice":"Ignored","damage_taken":0,"max_hp_gain":0,"max_hp_loss":0,"event_name":"Vampires","floor":24,"gold_loss":0},{"damage_healed":0,"gold_gain":0,"player_choice":"Fought Bandits","damage_taken":0,"max_hp_gain":0,"max_hp_loss":0,"event_name":"Masked Bandits","floor":30,"gold_loss":0},{"damage_healed":0,"gold_gain":0,"player_choice":"Max HP","damage_taken":0,"max_hp_gain":0,"max_hp_loss":3,"event_name":"Winding Halls","floor":38,"gold_loss":0},{"cards_removed":["Reflex"],"damage_healed":0,"gold_gain":0,"player_choice":"Removed Skill","damage_taken":0,"max_hp_gain":0,"max_hp_loss":0,"event_name":"Falling","floor":39,"gold_loss":0},{"damage_healed":0,"gold_gain":222,"player_choice":"Wore Mask","damage_taken":0,"max_hp_gain":0,"max_hp_loss":0,"event_name":"Tomb of Lord Red Mask","floor":47,"gold_loss":0}],"is_beta":false,"boss_relics":[{"not_picked":["SacredBark","Fusion Hammer"],"picked":"Runic Dome"},{"not_picked":["Velvet Choker","Sozu"],"picked":"Philosopher\u0027s Stone"}],"items_purged_floors":[8,12,37],"is_endless":false,"potions_floor_spawned":[4,5,7,14,16,20,22,27,31,35,44,46],"killed_by":"Awakened One","ascension_level":20,"potion_discard_per_floor":[[],[],[],[],[],[],[],[],[],[],[],[],[],[],[],[],[],[],[],[],[],[],[],[],[],[],[],[],[],[],[],[],[],[],[],[],[],[],[],[],[],[],[],[],[],[],[],[],[],[],[]]}