{"potions_obtained_entropic_brew":[[],[],[],[],[],[],[],[],[],[],[],[],[],[],[],[],[],[],[],[],[],[],[],[],[],[],[],[],[],[],[],[],[],[],[],[],[],[],[],[],[],[],[],[],[],[],[],[],[],[],[],[],[],[],[],[],[]],"gold_per_floor":[111,128,141,141,160,160,195,210,210,210,242,242,259,334,334,407,407,422,437,437,114,127,127,153,153,223,248,198,210,220,220,220,293,293,304,323,12,37,52,52,80,80,80,105,105,135,155,169,169,169,169,169,169,81,116,116],"floor_reached":57,"playtime":3336,"items_purged":["Cold Snap","Cold Snap"],"score":3159,"play_id":"3ef54a2f-2959-488c-bfe6-29a491ec10ab","local_time":"20230403170117","daily_mods":["SealedDeck","Diverse"],"score_breakdown":["Floors Climbed (57): 285","Enemies Slain (16): 32","Exordium Elites Killed (2): 20","City Elites Killed (2): 40","Beyond Elites Killed (3): 90","Bosses Slain (5): 750","Speedster: 25","Highlander: 100","Stuffed: 50","Champion (3): 75","Perfect (1): 50","Overkill: 25","Ascension (20): 1367","Heartbreaker: 250"],"is_ascension_mode":true,"potions_obtained_alchemize":[[],[],[],[],[],[],[],[],[],[],[],[],[],[],[],[],[],[],[],[],[],[],[],[],[],[],[],[],[],[],[],[],[],[],[],[],[],[],[],[],[],[],[],[],[],[],[],[],[],[],[],[],[],[],[],[],[]],"campfire_choices":[{"data":"Beam Cell","floor":6,"key":"SMITH"},{"data":"A Thousand Cuts","floor":10,"key":"SMITH"},{"data":"Cloak And Dagger","floor":15,"key":"SMITH"},{"data":"Reprogram","floor":23,"key":"SMITH"},{"data":"Tactician","floor":25,"key":"SMITH"},{"data":"Tools of the Trade","floor":32,"key":"SMITH"},{"data":"Dark Embrace","floor":40,"key":"SMITH"},{"data":"ThirdEye","floor":42,"key":"SMITH"},{"floor":49,"key":"RECALL"},{"data":"Calculated Gamble","floor":53,"key":"SMITH"}],"lesson_learned_per_floor":[[],[],[],[],[],[],[],[],[],[],[],[],[],[],[],[],[],[],[],[],[],[],[],[],[],[],[],[],[],[],[],[],[],[],[],[],[],[],[],[],[],[],[],[],[],[],[],[],[],[],[],[],[],[],[],[],[]],"neow_cost":"","improvable_cards":{},"seed_source_timestamp":0,"shop_contents":[{"floor":21,"relics":["Shuriken","White Beast Statue"],"cards":["Skewer+1","Sweeping Beam+1","Glacier","Caltrops","Panacea","Magnetism"],"potions":["GamblersBrew","Energy Potion","LiquidMemories"]},{"floor":37,"relics":["Dead Branch","Anchor"],"cards":["Clothesline+1","Lockon+1","Outmaneuver","Coolheaded","BattleHymn+1","Blind","Secret Technique"],"potions":["LiquidMemories","BlessingOfTheForge"]},{"floor":45,"relics":["MealTicket","Bag of Preparation","Orrery"],"cards":["JustLucky+1","Wild Strike+1","Havoc","ForeignInfluence","Self Repair+1","Mind Blast+1","Thinking Ahead"],"potions":["AttackPotion","Ancient Potion","Fire Potion"]},{"floor":54,"relics":["Sundial","Bird Faced Urn","Lee\u0027s Waffle"],"cards":["Pummel+1","Clash+1","InnerPeace","Study+1","Finesse","Sadistic Nature+1"],"potions":["SteroidPotion","Energy Potion","FairyPotion"]}],"circlet_count":0,"master_deck":["AscendersBane","Dark Embrace+1","Deflect","Consecrate","Rebound","ThirdEye+1","Acrobatics","Dagger Throw","Sunder","Beam Cell+1","Blur","Cloak And Dagger+1","A Thousand Cuts+1","JustLucky","CutThroughFate+1","Tools of the Trade+1","Reprogram+1","Shrug It Off","Tactician+1","Die Die Die+1","Body Slam+1","Prostrate+1","Feed+1","Worship","Shockwave+1","Calculated Gamble+1","Core Surge+1","Skim"],"potion_use_per_floor":[[],[],[],[],[],[],["Block Potion"],[],[],[],[],[],[],[],[],[],[],[],[],[],[],["AttackPotion"],[],["Weak Potion"],[],[],[],[],["Block Potion"],[],[],[],[],[],[],["SteroidPotion","SneckoOil"],[],[],[],[],[],[],[],[],[],[],[],[],[],[],[],[],[],[],[],[],[]],"relics":["Ring of the Snake","Lizard Tail","Pear","Letter Opener","Molten Egg 2","Runic Pyramid","OrangePellets","Pantograph","Frozen Egg 2","Toy Ornithopter","Centennial Puzzle","Gremlin Horn","Coffee Dripper","TheAbacus","Turnip","FossilizedHelix","Oddly Smooth Stone","Nunchaku","Tough Bandages"],"potions_floor_usage":[7,22,24,29,36,36],"damage_taken":[{"damage":0,"enemies":"Cultist","floor":1,"turns":3},{"damage":0,"enemies":"Small Slimes","floor":2,"turns":2},{"damage":3,"enemies":"Jaw Worm","floor":3,"turns":2},{"damage":0,"enemies":"2 Fungi Beasts","floor":5,"turns":2},{"damage":9,"enemies":"3 Sentries","floor":7,"turns":7},{"damage":4,"enemies":"3 Louse","floor":8,"turns":2},{"damage":7,"enemies":"Lagavulin","floor":11,"turns":6},{"damage":3,"enemies":"Red Slaver","floor":13,"turns":2},{"damage":2,"enemies":"Hexaghost","floor":16,"turns":8},{"damage":9,"enemies":"Chosen","floor":18,"turns":5},{"damage":4,"enemies":"Spheric Guardian","floor":19,"turns":4},{"damage":11,"enemies":"Snake Plant","floor":22,"turns":4},{"damage":0,"enemies":"Gremlin Leader","floor":24,"turns":4},{"damage":31,"enemies":"Book of Stabbing","floor":27,"turns":5},{"damage":0,"enemies":"Centurion and Healer","floor":29,"turns":5},{"damage":16,"enemies":"Shelled Parasite and Fungi","floor":30,"turns":3},{"damage":0,"enemies":"Collector","floor":33,"turns":6},{"damage":0,"enemies":"3 Shapes","floor":35,"turns":3},{"damage":0,"enemies":"3 Darklings","floor":36,"turns":4},{"damage":0,"enemies":"Mind Bloom Boss Battle","floor":38,"turns":3},{"damage":3,"enemies":"Jaw Worm Horde","floor":39,"turns":3},{"damage":3,"enemies":"Giant Head","floor":41,"turns":4},{"damage":0,"enemies":"Reptomancer","floor":44,"turns":3},{"damage":0,"enemies":"Giant Head","floor":46,"turns":6},{"damage":0,"enemies":"Sphere and 2 Shapes","floor":47,"turns":3},{"damage":0,"enemies":"Writhing Mass","floor":48,"turns":3},{"damage":7,"enemies":"Time Eater","floor":50,"turns":6},{"damage":12,"enemies":"Donu and Deca","floor":51,"turns":4},{"damage":33,"enemies":"Shield and Spear","floor":55,"turns":3},{"damage":53,"enemies":"The Heart","floor":56,"turns":9}],"green_key_taken_log":41,"seed_played":"-7665425287338075709","potions_obtained":[{"floor":1,"key":"Block Potion"},{"floor":11,"key":"SteroidPotion"},{"floor":16,"key":"SpeedPotion"},{"floor":18,"key":"AttackPotion"},{"floor":22,"key":"Weak Potion"},{"floor":27,"key":"Block Potion"},{"floor":30,"key":"SneckoOil"},{"floor":36,"key":"Energy Potion"},{"floor":39,"key":"DuplicationPotion"}],"is_trial":true,"path_per_floor":["M","M","M","?","M","R","E","M","T","R","E","?","M","?","R","B",null,"M","M","?","$","M","R","E","R","T","E","?","M","M","T","R","B",null,"M","M","$","?","M","R","E","R","T","E","$","E","M","M","R","B","B",null,"R","$","E","B",null],"character_chosen":"THE_SILENT","basemod:card_modifiers":[null,null,null,null,null,null,null,null,null,null,null,null,null,null,null,null,null,null,null,null,null,null,null,null,null,null,null,null],"items_purchased":["Tactician","OrangePellets","TheAbacus","ColorlessPotion","Skim"],"campfire_rested":0,"item_purchase_floors":[21,21,37,37,54],"current_hp_per_floor":[59,59,56,56,56,56,47,43,53,53,46,35,32,21,21,19,62,53,49,49,49,38,38,38,38,38,7,7,12,34,34,34,59,72,76,84,84,88,89,89,90,90,90,94,94,98,102,106,106,109,108,117,117,117,88,64],"gold":116,"neow_bonus":"","is_prod":false,"is_daily":false,"rewards_skipped":[{"floor":38,"relics":[],"potions":["Fire Potion"]},{"floor":44,"relics":[],"potions":["Dexterity Potion"]},{"floor":48,"relics":[],"potions":["Ancient Potion"]}],"chose_seed":false,"campfire_upgraded":9,"win_rate":0,"floor_exit_playtime":[99,127,167,171,196,207,314,361,364,379,486,491,515,519,534,661,686,797,867,885,924,1028,1035,1137,1144,1146,1260,1264,1372,1459,1461,1467,1678,1692,1766,1887,1919,1996,2071,2082,2190,2199,2201,2285,2294,2415,2468,2547,2551,2748,2878,2889,2904,2925,3057,3336],"timestamp":1680555677,"blue_key_relic_skipped_log":{"floor":43,"relicID":"Ninja Scroll"},"path_taken":["M","M","?","?","M","R","E","M","T","R","E","?","M","?","R","BOSS","M","M","?","$","M","R","E","R","T","E","?","?","M","?","R","BOSS","M","M","$","?","M","R","E","R","T","E","$","E","M","M","R","BOSS","BOSS","R","$","E","BOSS"],"build_version":"2022-12-18","purchased_purges":2,"victory":true,"max_hp_per_floor":[66,66,66,66,66,66,66,66,76,76,76,76,76,76,76,76,76,76,76,76,76,76,76,76,76,76,76,76,76,76,76,76,76,76,80,84,84,88,92,92,96,96,96,100,100,104,108,112,112,116,120,120,120,120,124,128],"relic_stats":{"Gremlin Horn":[17,17],"counters":[30,124],"Letter Opener":[259],"OrangePellets":[14],"Lizard Tail":38,"Centennial Puzzle":[20],"Nunchaku":[8],"Tough Bandages":[75],"TheAbacus":[102],"Pantograph":63,"Turnip":[8],"obtain_stats":[{"Pear":9,"Gremlin Horn":31,"Oddly Smooth Stone":44,"Letter Opener":11,"Frozen Egg 2":26,"OrangePellets":21,"Lizard Tail":7,"Centennial Puzzle":28,"Nunchaku":46,"Tough Bandages":55,"TheAbacus":37,"Pantograph":24,"Molten Egg 2":12,"Turnip":38,"Coffee Dripper":34,"Toy Ornithopter":27,"FossilizedHelix":41,"Ring of the Snake":0,"Runic Pyramid":17},{"Pear":6,"Gremlin Horn":16,"Oddly Smooth Stone":23,"Letter Opener":7,"Frozen Egg 2":13,"OrangePellets":11,"Lizard Tail":5,"Centennial Puzzle":14,"Nunchaku":24,"Tough Bandages":29,"TheAbacus":19,"Pantograph":13,"Molten Egg 2":7,"Turnip":20,"Coffee Dripper":17,"Toy Ornithopter":14,"FossilizedHelix":22,"Ring of the Snake":0,"Runic Pyramid":9},{"Pear":18,"Gremlin Horn":64,"Oddly Smooth Stone":90,"Letter Opener":24,"Frozen Egg 2":51,"OrangePellets":43,"Lizard Tail":16,"Centennial Puzzle":56,"Nunchaku":96,"Tough Bandages":115,"TheAbacus":77,"Pantograph":51,"Molten Egg 2":24,"Turnip":80,"Coffee Dripper":70,"Toy Ornithopter":56,"FossilizedHelix":87,"Ring of the Snake":0,"Runic Pyramid":34}],"Toy Ornithopter":9,"FossilizedHelix":[31],"Ring of the Snake":[60]},"card_choices":[{"not_picked":["Havoc","Collect"],"picked":"PathToVictory","floor":1},{"not_picked":["Perseverance","Accuracy"],"picked":"Beam Cell","floor":2},{"not_picked":["Consecrate","Flying Knee"],"picked":"Blur","floor":3},{"not_picked":["Stack","Crescendo"],"picked":"Cloak And Dagger","floor":5},{"not_picked":["Leap","Searing Blow"],"picked":"A Thousand Cuts","floor":7},{"not_picked":["Armaments","Headbutt"],"picked":"JustLucky","floor":8},{"not_picked":["Dagger Spray","Headbutt","Intimidate"],"picked":"SKIP","floor":11},{"not_picked":["Prepared","Flex"],"picked":"CutThroughFate+1","floor":13},{"not_picked":["Thunder Strike+1","Core Surge+1"],"picked":"Tools of the Trade","floor":16},{"not_picked":["Redo","Rebound+1"],"picked":"Reprogram","floor":18},{"not_picked":["ReachHeaven+1","LikeWater"],"picked":"Shrug It Off","floor":19},{"not_picked":["ThirdEye","Redo","PathToVictory"],"picked":"SKIP","floor":22},{"not_picked":["Deadly Poison","Fiend Fire+1"],"picked":"Die Die Die+1","floor":24},{"not_picked":["Slice+1","Deadly Poison","Headbutt+1"],"picked":"SKIP","floor":27},{"not_picked":["Conclude+1","FollowUp+1"],"picked":"Body Slam+1","floor":29},{"not_picked":["Fire Breathing+1","Redo"],"picked":"Prostrate+1","floor":30},{"not_picked":["Impervious","Alpha"],"picked":"Feed+1","floor":33},{"not_picked":["CrushJoints+1","Flame Barrier"],"picked":"Worship","floor":35},{"not_picked":["Sucker Punch+1","WheelKick+1"],"picked":"Shockwave+1","floor":36},{"not_picked":["Crippling Poison","Uppercut+1","Blizzard+1"],"picked":"SKIP","floor":38},{"not_picked":["Dagger Throw+1","Clothesline+1","Warcry"],"picked":"SKIP","floor":39},{"not_picked":["Evaluate","Electrodynamics+1","Sever Soul+1"],"picked":"SKIP","floor":41},{"not_picked":["EmptyMind","Wild Strike+1"],"picked":"Calculated Gamble","floor":44},{"not_picked":["Clash+1","ReachHeaven+1"],"picked":"Core Surge+1","floor":46},{"not_picked":["Iron Wave+1","Quick Slash+1","Deflect"],"picked":"SKIP","floor":47},{"not_picked":["Entrench","FlyingSleeves+1","InnerPeace+1"],"picked":"SKIP","floor":48},{"not_picked":["Deadly Poison+1","MasterReality+1","Expertise"],"picked":"SKIP","floor":55}],"player_experience":1626998,"relics_obtained":[{"floor":7,"key":"Lizard Tail"},{"floor":9,"key":"Pear"},{"floor":11,"key":"Letter Opener"},{"floor":24,"key":"Pantograph"},{"floor":26,"key":"Frozen Egg 2"},{"floor":27,"key":"Toy Ornithopter"},{"floor":31,"key":"Gremlin Horn"},{"floor":38,"key":"Turnip"},{"floor":41,"key":"FossilizedHelix"},{"floor":44,"key":"Oddly Smooth Stone"},{"floor":46,"key":"Nunchaku"},{"floor":55,"key":"Tough Bandages"}],"event_choices":[{"damage_healed":0,"gold_gain":0,"player_choice":"Ignored","damage_taken":0,"max_hp_gain":0,"max_hp_loss":0,"event_name":"Liars Game","floor":4,"gold_loss":0},{"damage_healed":0,"gold_gain":0,"player_choice":"Success","damage_taken":11,"relics_obtained":["Molten Egg 2"],"max_hp_gain":0,"max_hp_loss":0,"event_name":"Scrap Ooze","floor":12,"gold_loss":0},{"damage_healed":0,"gold_gain":75,"player_choice":"Gather Gold","damage_taken":11,"max_hp_gain":0,"max_hp_loss":0,"event_name":"World of Goop","floor":14,"gold_loss":0},{"cards_removed":["PathToVictory"],"damage_healed":0,"gold_gain":0,"player_choice":"Elegance","damage_taken":0,"max_hp_gain":0,"max_hp_loss":0,"event_name":"Back to Basics","floor":20,"gold_loss":0},{"damage_healed":0,"gold_gain":0,"player_choice":"Paid Gold","damage_taken":0,"relics_obtained":["Centennial Puzzle"],"max_hp_gain":0,"max_hp_loss":0,"event_name":"WeMeetAgain","floor":28,"gold_loss":50},{"damage_healed":0,"gold_gain":0,"player_choice":"Fight","damage_taken":0,"max_hp_gain":0,"max_hp_loss":0,"event_name":"MindBloom","floor":38,"gold_loss":0}],"is_beta":false,"boss_relics":[{"not_picked":["Calling Bell","Cursed Key"],"picked":"Runic Pyramid"},{"not_picked":["WristBlade","Philosopher\u0027s Stone"],"picked":"Coffee Dripper"}],"items_purged_floors":[21,37],"is_endless":false,"potions_floor_spawned":[1,11,16,18,22,27,30,36,38,39,44,48],"ascension_level":20,"potion_discard_per_floor":[[],[],[],[],[],[],[],[],[],[],[],[],[],[],[],[],[],["SpeedPotion"],[],[],[],[],[],[],[],[],[],[],[],[],[],[],[],[],[],[],[],[],["ColorlessPotion"],[],[],[],[],[],[],[],[],[],[],[],[],[],[],[],[],[],[]]}