{"potions_obtained_entropic_brew":[[],[],[],[],[],[],[],[],[],[],[],[],[],[],[],[],[],[],[],[],[],[],[],[]],"gold_per_floor":[114,114,114,131,96,96,123,123,123,139,174,193,193,222,222,300,300,319,335,335,335,335,335,335],"floor_reached":24,"playtime":937,"items_purged":[],"score":424,"play_id":"ff4d89b7-cfb5-4f7e-9564-dd76f9b4dea9","local_time":"20230403160309","daily_mods":["SealedDeck","Diverse"],"score_breakdown":["Floors Climbed (24): 120","Enemies Slain (6): 12","Exordium Elites Killed (3): 30","City Elites Killed (0): 0","Bosses Slain (1): 50","Ascension (20): 212"],"is_ascension_mode":true,"potions_obtained_alchemize":[[],[],[],[],[],[],[],[],[],[],[],[],[],[],[],[],[],[],[],[],[],[],[],[]],"campfire_choices":[{"data":"Pommel Strike","floor":6.0,"key":"SMITH"},{"data":"Pommel Strike","floor":8.0,"key":"SMITH"},{"data":"Rampage","floor":15.0,"key":"SMITH"},{"floor":23,"key":"REST"}],"lesson_learned_per_floor":[[],[],[],[],[],[],[],[],[],[],[],[],[],[],[],[],[],[],[],[],[],[],[],[]],"neow_cost":"","improvable_cards":{},"seed_source_timestamp":0,"shop_contents":[],"circlet_count":0,"master_deck":["AscendersBane","ThirdEye","Pommel Strike+1","Deflect","Uppercut+1","ThirdEye","Rampage+1","Pommel Strike+1","Consecrate","Sanctity","Consecrate","BattleHymn+1","Turbo","Corruption+1","Regret","Neutralize","Reaper","Juggernaut+1","Sanctity","Necronomicurse","Decay"],"special_seed":0,"potion_use_per_floor":[[],[],[],[],[],[],[],[],[],[],["ColorlessPotion"],[],[],["Ancient Potion"],[],[],[],[],[],[],[],[],[],["GamblersBrew","GamblersBrew"]],"relics":["Ring of the Snake","CaptainsWheel","Calipers","Frozen Egg 2","Tiny Chest","Cursed Key","Necronomicon"],"potions_floor_usage":[24,24],"damage_taken":[{"damage":0.0,"enemies":"Jaw Worm","floor":1.0,"turns":2.0},{"damage":0.0,"enemies":"Small Slimes","floor":4.0,"turns":2.0},{"damage":4.0,"enemies":"Lagavulin","floor":7.0,"turns":5.0},{"damage":0.0,"enemies":"2 Louse","floor":10.0,"turns":2.0},{"damage":7.0,"enemies":"3 Sentries","floor":11.0,"turns":5.0},{"damage":1.0,"enemies":"Gremlin Gang","floor":12.0,"turns":2.0},{"damage":10.0,"enemies":"Gremlin Nob","floor":14.0,"turns":4.0},{"damage":18.0,"enemies":"Hexaghost","floor":16.0,"turns":7.0},{"damage":2.0,"enemies":"Spheric Guardian","floor":18.0,"turns":3.0},{"damage":8.0,"enemies":"Shell Parasite","floor":19.0,"turns":3.0},{"damage":74,"enemies":"Slavers","floor":24,"turns":6}],"seed_played":"-3880659791441422776","potions_obtained":[{"floor":1.0,"key":"SkillPotion"},{"floor":4.0,"key":"Ancient Potion"},{"floor":10.0,"key":"ColorlessPotion"},{"floor":12.0,"key":"GamblersBrew"},{"floor":16.0,"key":"GamblersBrew"}],"is_trial":true,"path_per_floor":["M","?","?","M","?","R","E","R","T","M","E","M","?","E","R","B",null,"M","M","?","?","T","R","E"],"character_chosen":"THE_SILENT","basemod:card_modifiers":[null,null,null,null,null,null,null,null,null,null,null,null,null,null,null,null,null,null,null,null,null],"items_purchased":[],"campfire_rested":1,"item_purchase_floors":[],"current_hp_per_floor":[59,41,41,41,57,57,53,53,53,53,46,45,45,35,35,17,54,56,48,27,27,27,46,0],"gold":335,"neow_bonus":"","is_prod":false,"is_daily":false,"rewards_skipped":[{"floor":11,"relics":["Bottled Flame"],"potions":[]},{"floor":18,"relics":[],"potions":["Weak Potion"]}],"chose_seed":false,"campfire_upgraded":3,"win_rate":0,"floor_exit_playtime":[129,134,146,192,208,215,285,293,297,330,415,472,489,546,552,655,673,727,796,805,810,816,823],"timestamp":1680552189,"path_taken":["M","?","?","M","?","R","E","R","T","M","E","M","?","E","R","BOSS","M","?","?","?","?","R","E"],"build_version":"2022-12-18","purchased_purges":0,"victory":false,"max_hp_per_floor":[66,66,66,66,66,66,66,66,66,66,66,66,66,66,66,66,66,66,66,66,66,66,66,66],"relic_stats":{"Calipers":[3],"counters":[11,41],"Tiny Chest":1,"Necronomicon":[3],"Cursed Key":0,"obtain_stats":[{"CaptainsWheel":2,"Calipers":7,"Tiny Chest":14,"Necronomicon":20,"Frozen Egg 2":9,"Cursed Key":17,"Ring of the Snake":0},{"CaptainsWheel":1,"Calipers":3,"Tiny Chest":7,"Necronomicon":10,"Frozen Egg 2":3,"Cursed Key":8,"Ring of the Snake":0},{"CaptainsWheel":2,"Calipers":9,"Tiny Chest":22,"Necronomicon":35,"Frozen Egg 2":9,"Cursed Key":29,"Ring of the Snake":0}],"Ring of the Snake":[22]},"card_choices":[{"not_picked":["Heel Hook","White Noise","Bloodletting"],"picked":"SKIP","floor":1.0},{"not_picked":["Warcry","ThirdEye","InnerPeace"],"picked":"SKIP","floor":4.0},{"not_picked":["SpiritShield","ClearTheMind","FlyingSleeves"],"picked":"SKIP","floor":7.0},{"not_picked":["Ghostly Armor","White Noise"],"picked":"BattleHymn+1","floor":10.0},{"not_picked":["Fusion","Iron Wave"],"picked":"Turbo","floor":11.0},{"not_picked":["Perseverance","Leap"],"picked":"Corruption+1","floor":12.0},{"not_picked":["Tactician","Ball Lightning"],"picked":"Reaper","floor":14.0},{"not_picked":["Unload","Immolate"],"picked":"Juggernaut+1","floor":16.0},{"not_picked":["Gash","Quick Slash"],"picked":"Sanctity","floor":18.0},{"not_picked":["Force Field","Meditate","Power Through"],"picked":"SKIP","floor":19.0}],"player_experience":1626061,"relics_obtained":[{"floor":7.0,"key":"Calipers"},{"floor":9.0,"key":"Frozen Egg 2"},{"floor":14.0,"key":"Tiny Chest"},{"floor":20.0,"key":"Necronomicon"}],"event_choices":[{"damage_healed":0.0,"max_hp_gain":0.0,"max_hp_loss":0.0,"gold_gain":0.0,"event_name":"Scrap Ooze","player_choice":"Success","floor":2.0,"gold_loss":0.0,"damage_taken":18.0,"relics_obtained":["CaptainsWheel"]},{"damage_healed":0.0,"max_hp_gain":0.0,"max_hp_loss":0.0,"gold_gain":0.0,"event_name":"Living Wall","player_choice":"Grow","floor":3.0,"gold_loss":0.0,"damage_taken":0.0,"cards_upgraded":["Uppercut"]},{"damage_healed":16.0,"max_hp_gain":0.0,"max_hp_loss":0.0,"gold_gain":0.0,"event_name":"The Cleric","player_choice":"Healed","floor":5.0,"gold_loss":35.0,"damage_taken":0.0},{"damage_healed":0.0,"max_hp_gain":0.0,"max_hp_loss":0.0,"gold_gain":0.0,"event_name":"Match and Keep!","player_choice":"2 cards matched","floor":13.0,"gold_loss":0.0,"damage_taken":0.0,"cards_obtained":["Regret","Neutralize"]},{"damage_healed":0.0,"max_hp_gain":0.0,"max_hp_loss":0.0,"gold_gain":0.0,"event_name":"Cursed Tome","player_choice":"Obtained Book","floor":20.0,"gold_loss":0.0,"damage_taken":21.0},{"damage_healed":0.0,"max_hp_gain":0.0,"max_hp_loss":0.0,"gold_gain":0.0,"event_name":"Forgotten Altar","player_choice":"Smashed Altar","floor":21.0,"gold_loss":0.0,"damage_taken":0.0,"cards_obtained":["Decay"]}],"is_beta":false,"boss_relics":[{"not_picked":["Tiny House","Snecko Eye"],"picked":"Cursed Key"}],"items_purged_floors":[],"is_endless":false,"potions_floor_spawned":[1,4,10,12,16,18],"killed_by":"Slavers","ascension_level":20,"potion_discard_per_floor":[[],[],[],[],[],[],[],[],[],["SkillPotion"],[],[],[],[],[],[],[],[],[],[],[],[],[],[]]}