{"neow_bonuses_skipped_log":["THREE_SMALL_POTIONS","TWENTY_PERCENT_HP_BONUS","BOSS_RELIC"],"neow_costs_skipped_log":["NONE","CURSE","NONE"],"potions_obtained_entropic_brew":[[],[],[],[],[],[],[],[],[],[],[],[],[],[],[],[],[],[],[],[],[],[],[],[],[],[],[],[],[],[],[],[],[],[],[],[],[],[],[],[],[],[],[],[],[],[],[],[],[],[],[],[],[],[],[],[],[]],"gold_per_floor":[116,116,135,150,150,150,177,177,177,177,202,202,219,235,235,312,312,332,352,38,38,55,55,87,98,98,131,143,143,470,470,470,544,544,561,561,204,217,227,227,255,255,278,278,297,317,329,219,219,219,219,219,219,4,33,33],"floor_reached":57,"playtime":4921,"items_purged":["Caltrops","Masterful Stab","Underhanded Strike"],"score":2904,"play_id":"dd5f8544-ad51-4825-b530-1575373deb0d","local_time":"20230413200113","score_breakdown":["Floors Climbed (57): 285","Enemies Slain (16): 32","Exordium Elites Killed (2): 20","City Elites Killed (3): 60","Beyond Elites Killed (1): 30","Bosses Slain (5): 750","Champion (3): 75","Perfect (1): 50","C-c-c-combo: 25","Ascension (20): 1327","Heartbreaker: 250"],"is_ascension_mode":true,"potions_obtained_alchemize":[[],[],[],[],[],[],[],[],[],[],[],[],[],[],[],[],[],[],[],[],[],[],[],[],[],[],[],[],[],[],[],[],[],[],[],[],[],[],[],[],[],[],[],[],[],[],[],[],[],[],[],[],[],[],[],[],[]],"campfire_choices":[{"data":"Blade Dance","floor":6.0,"key":"SMITH"},{"data":"Predator","floor":12.0,"key":"SMITH"},{"data":"Accuracy","floor":15.0,"key":"SMITH"},{"data":"Acrobatics","floor":23.0,"key":"SMITH"},{"data":"Acrobatics","floor":29,"key":"SMITH"},{"data":"Well Laid Plans","floor":32,"key":"SMITH"},{"data":"Tactician","floor":40,"key":"SMITH"},{"data":"Calculated Gamble","floor":42,"key":"SMITH"},{"data":"After Image","floor":44,"key":"SMITH"},{"floor":49,"key":"RECALL"},{"data":"Reflex","floor":53,"key":"SMITH"}],"lesson_learned_per_floor":[[],[],[],[],[],[],[],[],[],[],[],[],[],[],[],[],[],[],[],[],[],[],[],[],[],[],[],[],[],[],[],[],[],[],[],[],[],[],[],[],[],[],[],[],[],[],[],[],[],[],[],[],[],[],[],[],[]],"neow_cost":"NONE","improvable_cards":{},"seed_source_timestamp":140757248681900,"shop_contents":[{"floor":20,"relics":["Calipers","PrismaticShard"],"cards":["Grand Finale","Dash","Cloak And Dagger","Bouncing Flask","Panacea","HandOfGreed"],"potions":["FearPotion","Poison Potion","CultistPotion"]},{"floor":37,"relics":["Orichalcum","Thread and Needle"],"cards":["Masterful Stab","Dagger Throw","Deadly Poison","Caltrops","Madness","Sadistic Nature"],"potions":["Fruit Juice","FearPotion","PowerPotion"]},{"floor":54,"relics":["Lantern","Eternal Feather","TwistedFunnel"],"cards":["Glass Knife","Flying Knee","Phantasmal Killer","A Thousand Cuts","Madness","Panache"],"potions":["Energy Potion","SteroidPotion","FairyPotion"]}],"circlet_count":0,"master_deck":["AscendersBane","Survivor","Neutralize","Predator+1","Blade Dance+1","Noxious Fumes+1","Accuracy+1","Malaise","Blade Dance","Adrenaline","Endless Agony","Acrobatics+1","Reflex+1","After Image+1","Acrobatics+1","Backstab","Well Laid Plans+1","Tactician+1","Accuracy","Night Terror","Accuracy","Calculated Gamble+1","Prepared+1","Setup"],"special_seed":0,"potion_use_per_floor":[[],[],[],[],[],[],["LiquidMemories"],[],[],[],["CunningPotion"],[],[],[],[],["SkillPotion"],[],[],[],[],[],[],[],[],[],[],[],["Block Potion"],[],[],[],[],["Energy Potion","SteroidPotion"],[],[],[],[],[],[],[],[],[],[],[],[],[],[],[],[],[],[],[],[],[],[],["Ancient Potion"],[]],"relics":["Ring of the Snake","Lizard Tail","Ornamental Fan","CaptainsWheel","Pandora\u0027s Box","Bag of Preparation","Happy Flower","White Beast Statue","Unceasing Top","Old Coin","Coffee Dripper","TheAbacus","Toy Ornithopter","Bottled Lightning"],"potions_floor_usage":[28,33,33,56],"damage_taken":[{"damage":0.0,"enemies":"Small Slimes","floor":1.0,"turns":4.0},{"damage":4.0,"enemies":"Jaw Worm","floor":3.0,"turns":3.0},{"damage":0.0,"enemies":"Cultist","floor":4.0,"turns":3.0},{"damage":5.0,"enemies":"Gremlin Nob","floor":7.0,"turns":3.0},{"damage":5.0,"enemies":"3 Sentries","floor":11.0,"turns":8.0},{"damage":0.0,"enemies":"3 Louse","floor":13.0,"turns":2.0},{"damage":1.0,"enemies":"Gremlin Gang","floor":14.0,"turns":4.0},{"damage":19.0,"enemies":"Slime Boss","floor":16.0,"turns":9.0},{"damage":9.0,"enemies":"2 Thieves","floor":18.0,"turns":3.0},{"damage":0.0,"enemies":"Spheric Guardian","floor":19.0,"turns":2.0},{"damage":0.0,"enemies":"Cultist and Chosen","floor":22.0,"turns":4.0},{"damage":1,"enemies":"Slavers","floor":24,"turns":4},{"damage":0,"enemies":"Chosen and Byrds","floor":25,"turns":4},{"damage":0,"enemies":"Gremlin Leader","floor":27,"turns":5},{"damage":0,"enemies":"Centurion and Healer","floor":28,"turns":5},{"damage":0,"enemies":"Slavers","floor":30,"turns":4},{"damage":5,"enemies":"Champ","floor":33,"turns":6},{"damage":4,"enemies":"3 Shapes","floor":35,"turns":7},{"damage":0,"enemies":"3 Darklings","floor":38,"turns":3},{"damage":0,"enemies":"Sphere and 2 Shapes","floor":39,"turns":4},{"damage":0,"enemies":"Reptomancer","floor":41,"turns":3},{"damage":0,"enemies":"Maw","floor":45,"turns":6},{"damage":0,"enemies":"3 Darklings","floor":46,"turns":3},{"damage":0,"enemies":"Spire Growth","floor":47,"turns":3},{"damage":0,"enemies":"Awakened One","floor":50,"turns":4},{"damage":29,"enemies":"Time Eater","floor":51,"turns":7},{"damage":7,"enemies":"Shield and Spear","floor":55,"turns":4},{"damage":14,"enemies":"The Heart","floor":56,"turns":7}],"green_key_taken_log":41,"seed_played":"1229819187065621097","neow_bonus_log":{"cardsObtained":[],"cardsUpgraded":[],"cardsRemoved":[],"cardsTransformed":[],"relicsObtained":[],"maxHpGained":0,"goldGained":0,"damageTaken":0,"goldLost":0,"maxHpLost":0},"potions_obtained":[{"floor":3.0,"key":"LiquidMemories"},{"floor":7.0,"key":"CunningPotion"},{"floor":14.0,"key":"SkillPotion"},{"floor":18.0,"key":"Block Potion"},{"floor":24,"key":"Strength Potion"},{"floor":28,"key":"Energy Potion"},{"floor":30,"key":"SteroidPotion"},{"floor":33,"key":"LiquidMemories"},{"floor":35,"key":"Ancient Potion"},{"floor":41,"key":"Energy Potion"},{"floor":55,"key":"SpeedPotion"}],"is_trial":false,"path_per_floor":["M","?","M","M","?","R","E","?","T","?","E","R","M","M","R","B",null,"M","M","$","?","M","R","E","M","T","E","M","R","E","?","R","B",null,"M","?","$","M","M","R","E","R","T","R","M","M","M","?","R","B","B",null,"R","$","E","B",null],"character_chosen":"THE_SILENT","basemod:card_modifiers":[null,null,null,null,null,null,null,null,null,null,null,null,null,null,null,null,null,null,null,null,null,null,null,null],"items_purchased":["Bag of Preparation","Well Laid Plans","Calculated Gamble","TheAbacus","Setup"],"campfire_rested":0,"item_purchase_floors":[20,20,37,37,54],"current_hp_per_floor":[59,59,55,55,48,48,43,48,48,48,43,43,43,42,42,23,59,50,50,50,50,50,50,49,49,49,49,49,49,49,49,49,44,64,60,81,81,81,81,81,81,81,81,81,81,81,81,81,81,81,52,74,74,74,67,58],"gold":33,"neow_bonus":"THREE_CARDS","is_prod":false,"is_daily":false,"rewards_skipped":[{"floor":27,"relics":[],"potions":["Dexterity Potion"]},{"floor":38,"relics":[],"potions":["Dexterity Potion"]},{"floor":39,"relics":[],"potions":["SteroidPotion"]},{"floor":45,"relics":[],"potions":["PowerPotion"]},{"floor":46,"relics":[],"potions":["Swift Potion"]},{"floor":47,"relics":[],"potions":["CunningPotion"]}],"chose_seed":false,"campfire_upgraded":10,"win_rate":0,"floor_exit_playtime":[46,53,91,124,136,145,232,237,239,246,427,437,470,548,558,721,799,872,1010,1080,1087,1186,1252,1353,1451,1455,1578,1649,1659,1745,1748,1766,2028,2054,2217,2236,2276,2381,2471,2485,2703,2727,2731,2754,2899,2985,3116,3197,3201,3672,4074,4087,4115,4169,4532,4921],"timestamp":1681430473,"blue_key_relic_skipped_log":{"floor":43,"relicID":"War Paint"},"path_taken":["M","?","M","M","?","R","E","?","T","?","E","R","M","M","R","BOSS","M","M","$","?","M","R","E","M","T","E","M","R","E","?","R","BOSS","M","?","$","?","M","R","E","R","T","R","M","M","M","?","R","BOSS","BOSS","R","$","E","BOSS"],"build_version":"2022-12-18","purchased_purges":3,"victory":true,"max_hp_per_floor":[66,66,66,66,66,66,66,71,71,71,71,71,71,71,71,71,71,71,71,71,71,71,71,71,71,71,71,71,71,71,71,71,71,71,71,81,81,81,81,81,81,81,81,81,81,81,81,81,81,81,81,81,81,81,81,81],"relic_stats":{"Happy Flower":[25],"counters":[28,124],"Bag of Preparation":[40],"White Beast Statue":[0.0,0.0,0.0,0.4,0.0,0.6000000000000001,0.0,0.0,0.0,0.0,0.0,5.504857600000001],"Lizard Tail":0,"TheAbacus":[618],"Ornamental Fan":[608],"Pandora\u0027s Box":["Caltrops","Underhanded Strike","Endless Agony","Acrobatics","Reflex","Unload","After Image","Caltrops"],"Bottled Lightning":"Night Terror","obtain_stats":[{"Happy Flower":24,"Bag of Preparation":20,"White Beast Statue":26,"Old Coin":30,"Lizard Tail":7,"CaptainsWheel":11,"TheAbacus":37,"Ornamental Fan":9,"Pandora\u0027s Box":17,"Coffee Dripper":34,"Bottled Lightning":55,"Unceasing Top":27,"Toy Ornithopter":41,"Ring of the Snake":0},{"Happy Flower":12,"Bag of Preparation":10,"White Beast Statue":13,"Old Coin":16,"Lizard Tail":4,"CaptainsWheel":5,"TheAbacus":18,"Ornamental Fan":4,"Pandora\u0027s Box":8,"Coffee Dripper":17,"Bottled Lightning":27,"Unceasing Top":14,"Toy Ornithopter":21,"Ring of the Snake":0},{"Happy Flower":49,"Bag of Preparation":41,"White Beast Statue":53,"Old Coin":67,"Lizard Tail":13,"CaptainsWheel":21,"TheAbacus":80,"Ornamental Fan":13,"Pandora\u0027s Box":36,"Coffee Dripper":73,"Bottled Lightning":117,"Unceasing Top":58,"Toy Ornithopter":90,"Ring of the Snake":0}],"Unceasing Top":[1],"Toy Ornithopter":5,"Ring of the Snake":[57]},"card_choices":[{"not_picked":["Dagger Throw","Caltrops"],"picked":"Predator","floor":0.0},{"not_picked":["PiercingWail","Flechettes"],"picked":"Blade Dance","floor":1.0},{"not_picked":["Poisoned Stab","Bane","Flying Knee"],"picked":"SKIP","floor":3.0},{"not_picked":["Acrobatics","Skewer"],"picked":"Accuracy","floor":4.0},{"not_picked":["Poisoned Stab","Crippling Poison"],"picked":"Malaise","floor":7.0},{"not_picked":["Deflect","Underhanded Strike"],"picked":"Masterful Stab","floor":11.0},{"not_picked":["Expertise","Skewer","Prepared"],"picked":"SKIP","floor":13.0},{"not_picked":["Catalyst","Backstab"],"picked":"Blade Dance","floor":14.0},{"not_picked":["Night Terror","A Thousand Cuts"],"picked":"Adrenaline","floor":16.0},{"not_picked":["Distraction","Bouncing Flask+1"],"picked":"Acrobatics","floor":18.0},{"not_picked":["Flechettes","Deadly Poison"],"picked":"Backstab","floor":19.0},{"not_picked":["Underhanded Strike","Catalyst"],"picked":"Tactician","floor":22.0},{"not_picked":["Quick Slash","Caltrops","Dodge and Roll"],"picked":"SKIP","floor":24},{"not_picked":["Skewer+1","Outmaneuver","Choke"],"picked":"SKIP","floor":25},{"not_picked":["Skewer+1","Outmaneuver","Choke"],"picked":"SKIP","floor":25},{"not_picked":["Catalyst","Sucker Punch"],"picked":"Accuracy","floor":27},{"not_picked":["Underhanded Strike","Eviscerate","Dash"],"picked":"SKIP","floor":28},{"not_picked":["Prepared","Dodge and Roll","Cloak And Dagger"],"picked":"SKIP","floor":30},{"not_picked":["Storm of Steel","Venomology"],"picked":"Night Terror","floor":33},{"not_picked":["Heel Hook","Distraction+1"],"picked":"Accuracy","floor":35},{"not_picked":["Poisoned Stab","Bane","Deadly Poison"],"picked":"SKIP","floor":38},{"not_picked":["Dagger Throw","Flying Knee+1"],"picked":"Prepared+1","floor":39},{"not_picked":["Deadly Poison","Backflip","Expertise"],"picked":"SKIP","floor":41},{"not_picked":["Predator+1","Underhanded Strike","Flechettes"],"picked":"SKIP","floor":45},{"not_picked":["Deadly Poison","Flying Knee","Acrobatics"],"picked":"SKIP","floor":46},{"not_picked":["Calculated Gamble","Deflect","Poisoned Stab"],"picked":"SKIP","floor":47},{"not_picked":["Noxious Fumes","Bane","Riddle With Holes"],"picked":"SKIP","floor":55}],"player_experience":1762345,"relics_obtained":[{"floor":7.0,"key":"Lizard Tail"},{"floor":9.0,"key":"Ornamental Fan"},{"floor":11.0,"key":"CaptainsWheel"},{"floor":24,"key":"Happy Flower"},{"floor":26,"key":"White Beast Statue"},{"floor":27,"key":"Unceasing Top"},{"floor":30,"key":"Old Coin"},{"floor":41,"key":"Toy Ornithopter"},{"floor":55,"key":"Bottled Lightning"}],"event_choices":[{"damage_healed":0.0,"max_hp_gain":0.0,"max_hp_loss":0.0,"gold_gain":0.0,"cards_transformed":["Defend_G"],"event_name":"Living Wall","player_choice":"Change","floor":2.0,"gold_loss":0.0,"damage_taken":0.0,"cards_obtained":["Noxious Fumes"]},{"cards_removed":["Strike_G"],"damage_healed":0.0,"max_hp_gain":0.0,"max_hp_loss":0.0,"gold_gain":0.0,"event_name":"Golden Wing","player_choice":"Card Removal","floor":5.0,"gold_loss":0.0,"damage_taken":7.0},{"damage_healed":0.0,"max_hp_gain":5.0,"max_hp_loss":0.0,"gold_gain":0.0,"event_name":"Big Fish","player_choice":"Donut","floor":8.0,"gold_loss":0.0,"damage_taken":0.0},{"damage_healed":0.0,"max_hp_gain":0.0,"max_hp_loss":0.0,"gold_gain":0.0,"event_name":"Liars Game","player_choice":"Ignored","floor":10.0,"gold_loss":0.0,"damage_taken":0.0},{"damage_healed":0,"gold_gain":0,"player_choice":"Ignored","damage_taken":0,"max_hp_gain":0,"max_hp_loss":0,"event_name":"Vampires","floor":31,"gold_loss":0},{"cards_removed":["Unload"],"damage_healed":11,"gold_gain":0,"player_choice":"Offered Rare","damage_taken":0,"max_hp_gain":10,"max_hp_loss":0,"event_name":"Bonfire Elementals","floor":36,"gold_loss":0},{"cards_removed":["Caltrops"],"damage_healed":0,"gold_gain":0,"player_choice":"Upgrade and Remove","damage_taken":0,"max_hp_gain":0,"max_hp_loss":0,"event_name":"Designer","floor":48,"gold_loss":110,"cards_upgraded":["Noxious Fumes"]}],"is_beta":false,"boss_relics":[{"not_picked":["Runic Pyramid","Philosopher\u0027s Stone"],"picked":"Pandora\u0027s Box"},{"not_picked":["Fusion Hammer","Empty Cage"],"picked":"Coffee Dripper"}],"items_purged_floors":[20,37,54],"is_endless":false,"potions_floor_spawned":[3,7,14,18,24,27,28,30,33,35,38,39,41,45,46,47,55],"ascension_level":20,"potion_discard_per_floor":[[],[],[],[],[],[],[],[],[],[],[],[],[],[],[],[],[],[],[],[],[],[],[],[],[],[],[],[],[],["Strength Potion"],[],[],[],[],[],[],[],[],[],[],["LiquidMemories"],[],[],[],[],[],[],[],[],[],[],[],[],[],["Energy Potion"],[],[]]}