{"neow_bonuses_skipped_log":["REMOVE_CARD","THREE_ENEMY_KILL","BOSS_RELIC"],"neow_costs_skipped_log":["NONE","NONE","NONE"],"potions_obtained_entropic_brew":[[],[],[],[],[],[],[],[],[],[],[],[],[],[],[],[],[],[],["EssenceOfSteel","Poison Potion"],[],[],[],[],[],[],[],[],[],[],[],[],[],[]],"gold_per_floor":[10,22,22,46,69,69,108,108,108,149,163,163,196,196,196,289,289,314,338,17,17,42,42,73,73,100,131,0,0,0,25,25,25],"floor_reached":33,"playtime":1337,"items_purged":[],"score":606,"play_id":"1176ad09-7518-49c8-b2b5-f1138afa1a4e","local_time":"20230409181709","score_breakdown":["Floors Climbed (33): 165","Enemies Slain (9): 18","Exordium Elites Killed (3): 30","City Elites Killed (2): 40","Bosses Slain (1): 50","Ascension (20): 303"],"is_ascension_mode":true,"potions_obtained_alchemize":[[],[],[],[],[],[],[],[],[],[],[],[],[],[],[],[],[],[],[],[],[],[],[],[],[],[],[],[],[],[],[],[],[]],"campfire_choices":[{"data":"Dagger Spray","floor":6,"key":"SMITH"},{"data":"Blade Dance","floor":12,"key":"SMITH"},{"floor":15,"key":"REST"},{"data":"Night Terror","floor":23,"key":"SMITH"},{"data":"Footwork","floor":25,"key":"SMITH"},{"data":"Apotheosis","floor":32,"key":"SMITH"}],"lesson_learned_per_floor":[[],[],[],[],[],[],[],[],[],[],[],[],[],[],[],[],[],[],[],[],[],[],[],[],[],[],[],[],[],[],[],[],[]],"neow_cost":"NO_GOLD","improvable_cards":{},"seed_source_timestamp":745860762475900,"shop_contents":[{"floor":20,"relics":["Dream Catcher"],"cards":["Flying Knee","Skewer","Crippling Poison","Outmaneuver","Jack Of All Trades","Secret Technique"],"potions":["Weak Potion","Ancient Potion","Block Potion"]},{"floor":28,"relics":["White Beast Statue","Tiny Chest","Cauldron"],"cards":["Masterful Stab","Dagger Spray","Deflect","Prepared","Caltrops","Blind"],"potions":["Explosive Potion","SpeedPotion"]}],"circlet_count":0,"master_deck":["AscendersBane","Strike_G","Strike_G","Strike_G","Strike_G","Strike_G","Defend_G","Defend_G","Defend_G","Defend_G","Defend_G","Survivor","Neutralize","Dagger Spray+1","Dagger Throw","Footwork+1","Backstab","After Image","Blade Dance+1","Choke+1","Slice","Night Terror+1","PiercingWail+1","Predator","Caltrops","Acrobatics","Footwork","Clumsy","Acrobatics","Apotheosis+1","Blur","Backflip"],"potion_use_per_floor":[[],[],[],[],[],[],["FearPotion"],[],[],["Strength Potion"],[],[],["GamblersBrew"],[],[],["ColorlessPotion"],[],[],["EntropicBrew","EssenceOfSteel"],[],[],[],[],["ColorlessPotion","Poison Potion"],[],[],["LiquidMemories"],[],[],[],["Weak Potion"],[],[]],"relics":["Ring of the Snake","Turnip","Golden Idol","Lizard Tail","Letter Opener","Question Card","Peace Pipe","Cursed Key","Membership Card","Eternal Feather","Juzu Bracelet","Singing Bowl"],"potions_floor_usage":[7,10,13,16,19,19,24,24,27,31],"damage_taken":[{"damage":1,"enemies":"Small Slimes","floor":1,"turns":5},{"damage":2,"enemies":"Jaw Worm","floor":2,"turns":5},{"damage":8,"enemies":"Cultist","floor":4,"turns":4},{"damage":9,"enemies":"Red Slaver","floor":5,"turns":5},{"damage":6,"enemies":"Gremlin Nob","floor":7,"turns":3},{"damage":6,"enemies":"3 Sentries","floor":10,"turns":6},{"damage":0,"enemies":"Blue Slaver","floor":11,"turns":5},{"damage":21,"enemies":"Lagavulin","floor":13,"turns":8},{"damage":6,"enemies":"Slime Boss","floor":16,"turns":11},{"damage":4,"enemies":"3 Byrds","floor":18,"turns":6},{"damage":4,"enemies":"2 Thieves","floor":19,"turns":3},{"damage":26,"enemies":"Shelled Parasite and Fungi","floor":22,"turns":5},{"damage":22,"enemies":"Book of Stabbing","floor":24,"turns":5},{"damage":21,"enemies":"Slavers","floor":27,"turns":6},{"damage":17,"enemies":"Snake Plant","floor":31,"turns":6},{"damage":72,"enemies":"Champ","floor":33,"turns":21}],"green_key_taken_log":13,"seed_played":"542472795782765425","neow_bonus_log":{"cardsObtained":[],"cardsUpgraded":[],"cardsRemoved":[],"cardsTransformed":[],"relicsObtained":["Turnip"],"maxHpGained":0,"goldGained":0,"damageTaken":0,"goldLost":99,"maxHpLost":0},"potions_obtained":[{"floor":2,"key":"Strength Potion"},{"floor":4,"key":"FairyPotion"},{"floor":5,"key":"FearPotion"},{"floor":10,"key":"GamblersBrew"},{"floor":13,"key":"ColorlessPotion"},{"floor":18,"key":"EntropicBrew"},{"floor":22,"key":"ColorlessPotion"},{"floor":24,"key":"LiquidMemories"}],"is_trial":false,"path_per_floor":["M","M","?","M","M","R","E","?","T","E","M","R","E","?","R","B",null,"M","M","$","?","M","R","E","R","T","E","$","?","?","M","R","B"],"character_chosen":"THE_SILENT","basemod:card_modifiers":[null,null,null,null,null,null,null,null,null,null,null,null,null,null,null,null,null,null,null,null,null,null,null,null,null,null,null,null,null,null,null,null],"items_purchased":["Membership Card","Caltrops","Eternal Feather","Apotheosis","Weak Potion"],"campfire_rested":1,"item_purchase_floors":[20,20,20,28,28],"current_hp_per_floor":[58,56,56,48,39,39,33,38,38,32,32,32,11,11,30,24,55,51,47,47,47,21,36,14,29,29,8,8,8,8,26,44,0],"gold":25,"neow_bonus":"ONE_RARE_RELIC","is_prod":false,"is_daily":false,"rewards_skipped":[],"chose_seed":false,"campfire_upgraded":5,"win_rate":0,"floor_exit_playtime":[45,85,89,126,164,171,214,220,222,280,330,338,424,433,440,562,580,684,729,744,761,820,827,907,922,929,1007,1023,1028,1041,1114,1121],"timestamp":1681078629,"blue_key_relic_skipped_log":{"floor":26,"relicID":"Blood Vial"},"path_taken":["M","M","?","M","M","R","E","?","T","E","M","R","E","?","R","BOSS","M","M","$","?","M","R","E","R","T","E","$","?","?","M","R","BOSS"],"build_version":"2022-12-18","purchased_purges":0,"victory":false,"max_hp_per_floor":[66,66,60,60,60,60,60,65,65,65,65,65,65,65,65,65,65,65,65,65,65,65,65,65,65,65,65,65,65,65,65,65,65],"relic_stats":{"Singing Bowl":0,"counters":[16,104],"Golden Idol":87,"Eternal Feather":48,"Juzu Bracelet":1,"Letter Opener":[36],"Question Card":9,"Cursed Key":1,"Peace Pipe":0,"Lizard Tail":32,"Turnip":[20],"Membership Card":285,"obtain_stats":[{"Peace Pipe":13,"Lizard Tail":7,"Singing Bowl":27,"Golden Idol":3,"Eternal Feather":20,"Turnip":0,"Juzu Bracelet":24,"Letter Opener":9,"Membership Card":20,"Question Card":10,"Cursed Key":17,"Ring of the Snake":0},{"Peace Pipe":8,"Lizard Tail":5,"Singing Bowl":14,"Golden Idol":2,"Eternal Feather":11,"Turnip":0,"Juzu Bracelet":13,"Letter Opener":5,"Membership Card":11,"Question Card":6,"Cursed Key":9,"Ring of the Snake":0},{"Peace Pipe":41,"Lizard Tail":22,"Singing Bowl":77,"Golden Idol":10,"Eternal Feather":61,"Turnip":0,"Juzu Bracelet":71,"Letter Opener":22,"Membership Card":61,"Question Card":28,"Cursed Key":52,"Ring of the Snake":0}],"Ring of the Snake":[32]},"card_choices":[{"not_picked":["Setup","Catalyst"],"picked":"Dagger Spray","floor":1},{"not_picked":["Outmaneuver","Slice"],"picked":"Dagger Throw","floor":2},{"not_picked":["Dagger Throw","Dodge and Roll"],"picked":"Footwork","floor":4},{"not_picked":["Deadly Poison","Slice"],"picked":"Backstab","floor":5},{"not_picked":["Wraith Form v2","Backflip"],"picked":"After Image","floor":7},{"not_picked":["Deflect","Reflex"],"picked":"Blade Dance","floor":10},{"not_picked":["Dagger Spray","Underhanded Strike","Skewer"],"picked":"Choke","floor":11},{"not_picked":["Skewer","Quick Slash","Prepared"],"picked":"Slice","floor":13},{"not_picked":["Wraith Form v2","Phantasmal Killer","Tools of the Trade"],"picked":"Night Terror","floor":16},{"not_picked":["Slice+1","Expertise+1","Outmaneuver"],"picked":"PiercingWail+1","floor":18},{"not_picked":["Cloak And Dagger","Quick Slash","Bouncing Flask"],"picked":"Predator","floor":19},{"not_picked":["Dash","Finisher","PiercingWail+1"],"picked":"Acrobatics","floor":22},{"not_picked":["Venomology","Choke","Bane+1"],"picked":"Footwork","floor":24},{"not_picked":["Dagger Throw","Distraction","Predator"],"picked":"Acrobatics","floor":27},{"not_picked":["Heel Hook","Dagger Throw","Flying Knee","Sucker Punch","Footwork","Acrobatics","Underhanded Strike","Slice","Deflect","Calculated Gamble","Blade Dance","PiercingWail","Reflex","Dagger Spray","Expertise","Crippling Poison","Prepared","Eviscerate","Setup"],"picked":"Blur","floor":30},{"not_picked":["Endless Agony+1","Riddle With Holes","Dash"],"picked":"Backflip","floor":31}],"player_experience":1672701,"relics_obtained":[{"floor":7,"key":"Lizard Tail"},{"floor":9,"key":"Letter Opener"},{"floor":10,"key":"Question Card"},{"floor":13,"key":"Peace Pipe"},{"floor":24,"key":"Juzu Bracelet"},{"floor":27,"key":"Singing Bowl"}],"event_choices":[{"damage_healed":0,"gold_gain":0,"player_choice":"Lose Max HP","damage_taken":0,"relics_obtained":["Golden Idol"],"max_hp_gain":0,"max_hp_loss":6,"event_name":"Golden Idol","floor":3,"gold_loss":0},{"damage_healed":0,"gold_gain":0,"player_choice":"Donut","damage_taken":0,"max_hp_gain":5,"max_hp_loss":0,"event_name":"Big Fish","floor":8,"gold_loss":0},{"damage_healed":0,"gold_gain":0,"player_choice":"Upgraded","damage_taken":0,"max_hp_gain":0,"max_hp_loss":0,"event_name":"Upgrade Shrine","floor":14,"gold_loss":0,"cards_upgraded":["Choke"]},{"damage_healed":0,"gold_gain":0,"player_choice":"0 cards matched","damage_taken":0,"max_hp_gain":0,"max_hp_loss":0,"event_name":"Match and Keep!","floor":21,"gold_loss":0,"cards_obtained":[]},{"damage_healed":0,"gold_gain":0,"player_choice":"Read","damage_taken":0,"max_hp_gain":0,"max_hp_loss":0,"event_name":"The Library","floor":30,"gold_loss":0,"cards_obtained":["Blur"]}],"is_beta":false,"boss_relics":[{"not_picked":["Fusion Hammer","SlaversCollar"],"picked":"Cursed Key"}],"items_purged_floors":[],"is_endless":false,"potions_floor_spawned":[2,4,5,10,13,18,22,24],"killed_by":"Champ","ascension_level":20,"potion_discard_per_floor":[[],[],[],[],["FairyPotion"],[],[],[],[],[],[],[],[],[],[],[],[],[],[],[],[],[],[],[],[],[],[],[],[],[],[],[],[]]}