{"neow_bonuses_skipped_log":["THREE_SMALL_POTIONS","TWO_FIFTY_GOLD","BOSS_RELIC"],"potions_obtained_entropic_brew":[[],[],[],[],[],[],[],[],[],[],[],[],[],[],[],[],[],[],[],[],[],[],[],[],[]],"neow_costs_skipped_log":["NONE","PERCENT_DAMAGE","NONE"],"gold_per_floor":[119,135,60,60,80,80,155,155,207,239,259,273,286,320,320,398,398,409,334,345,360,33,33,83,83],"floor_reached":25,"playtime":1282,"items_purged":["Strike_G"],"score":426,"play_id":"3c1bcc47-5f63-4c0a-ac72-739a23aeff2d","local_time":"20230416215413","score_breakdown":["Floors Climbed (25): 125","Enemies Slain (9): 18","Exordium Elites Killed (2): 20","City Elites Killed (0): 0","Bosses Slain (1): 50","Ascension (20): 213"],"is_ascension_mode":true,"potions_obtained_alchemize":[[],[],[],[],[],[],[],[],[],[],[],[],[],[],[],[],[],[],[],[],[],[],[],[],[]],"campfire_choices":[{"data":"Dagger Spray","floor":6.0,"key":"SMITH"},{"data":"Dagger Throw","floor":8,"key":"SMITH"},{"data":"Calculated Gamble","floor":15,"key":"SMITH"},{"floor":23,"key":"REST"}],"lesson_learned_per_floor":[[],[],[],[],[],[],[],[],[],[],[],[],[],[],[],[],[],[],[],[],[],[],[],[],[]],"neow_cost":"NONE","improvable_cards":{},"seed_source_timestamp":410396706649200,"shop_contents":[{"floor":22,"relics":["Bottled Flame","Mummified Hand"],"cards":["Bane","Flying Knee","Expertise","Blur","Blind","Violence"],"potions":["Energy Potion","PowerPotion","GamblersBrew"]}],"circlet_count":0,"master_deck":["AscendersBane","Strike_G","Defend_G","Defend_G","Defend_G","Survivor","Neutralize","Dagger Spray+1","Backstab","Dagger Throw+1","Acrobatics","Backflip","Deflect","Dash","Calculated Gamble+1","Wraith Form v2","Leg Sweep","Footwork","Calculated Gamble+1","Well Laid Plans"],"special_seed":0,"potion_use_per_floor":[[],[],[],[],[],[],[],[],[],["Weak Potion"],[],[],[],["CunningPotion"],[],["Dexterity Potion","SneckoOil"],[],[],[],[],[],[],[],[],[]],"relics":["Ring of the Snake","Happy Flower","Tiny Chest","Centennial Puzzle","Empty Cage","Sling"],"potions_floor_usage":[10,14,16,16],"damage_taken":[{"damage":4.0,"enemies":"2 Louse","floor":1.0,"turns":3.0},{"damage":0.0,"enemies":"Small Slimes","floor":2.0,"turns":4.0},{"damage":0.0,"enemies":"Jaw Worm","floor":5.0,"turns":3.0},{"damage":6,"enemies":"Gremlin Nob","floor":10,"turns":3},{"damage":0,"enemies":"Large Slime","floor":11,"turns":5},{"damage":0,"enemies":"Looter","floor":12,"turns":3},{"damage":0,"enemies":"Red Slaver","floor":13,"turns":4},{"damage":1,"enemies":"3 Sentries","floor":14,"turns":6},{"damage":13,"enemies":"The Guardian","floor":16,"turns":20},{"damage":2,"enemies":"Shell Parasite","floor":18,"turns":8},{"damage":8,"enemies":"Spheric Guardian","floor":20,"turns":7},{"damage":32,"enemies":"Snake Plant","floor":21,"turns":8},{"damage":34,"enemies":"Book of Stabbing","floor":25,"turns":7}],"seed_played":"3605460522532769071","neow_bonus_log":{"cardsObtained":[],"cardsUpgraded":[],"cardsRemoved":[],"cardsTransformed":[],"relicsObtained":[],"maxHpGained":0,"goldGained":0,"damageTaken":0,"goldLost":0,"maxHpLost":0},"potions_obtained":[{"floor":1.0,"key":"Weak Potion"},{"floor":5.0,"key":"Dexterity Potion"},{"floor":12,"key":"CunningPotion"},{"floor":14,"key":"SneckoOil"},{"floor":20,"key":"Ancient Potion"}],"is_trial":false,"path_per_floor":["M","M","?","?","M","R","?","R","T","E","M","M","M","E","R","B",null,"M","?","M","M","$","R","?","E"],"character_chosen":"THE_SILENT","basemod:card_modifiers":[null,null,null,null,null,null,null,null,null,null,null,null,null,null,null,null,null,null,null,null],"items_purchased":["Sling","Well Laid Plans"],"campfire_rested":1,"item_purchase_floors":[22,22],"current_hp_per_floor":[55,55,55,48,48,48,37,37,37,31,31,31,31,30,30,17,54,52,52,44,12,12,31,31,0],"gold":83,"neow_bonus":"THREE_CARDS","is_prod":false,"is_daily":false,"rewards_skipped":[],"chose_seed":false,"campfire_upgraded":3,"win_rate":0,"floor_exit_playtime":[128,165,175,186,220,228,230,241,245,275,330,361,392,512,522,756,799,935,943,1024,1121,1152,1156,1160],"timestamp":1681696453,"path_taken":["M","M","?","?","M","R","?","R","T","E","M","M","M","E","R","BOSS","M","?","M","M","$","R","?","E"],"build_version":"2022-12-18","purchased_purges":1,"victory":false,"max_hp_per_floor":[66,66,66,66,66,66,66,66,66,66,66,66,66,66,66,66,66,66,66,66,66,66,66,66,66],"relic_stats":{"Centennial Puzzle":[15],"Happy Flower":[23],"counters":[13,81],"Tiny Chest":0,"obtain_stats":[{"Centennial Puzzle":14,"Happy Flower":9,"Tiny Chest":10,"Empty Cage":17,"Sling":22,"Ring of the Snake":0},{"Centennial Puzzle":8,"Happy Flower":3,"Tiny Chest":4,"Empty Cage":9,"Sling":12,"Ring of the Snake":0},{"Centennial Puzzle":31,"Happy Flower":10,"Tiny Chest":13,"Empty Cage":51,"Sling":74,"Ring of the Snake":0}],"Ring of the Snake":[26]},"card_choices":[{"not_picked":["Acrobatics","Expertise"],"picked":"Dagger Spray","floor":0.0},{"not_picked":["Poisoned Stab","Flying Knee"],"picked":"Backstab","floor":1.0},{"not_picked":["Dagger Spray","Deflect","PiercingWail"],"picked":"SKIP","floor":2.0},{"not_picked":["Quick Slash","Blur"],"picked":"Dagger Throw","floor":5.0},{"not_picked":["PiercingWail","Outmaneuver"],"picked":"Acrobatics","floor":10},{"not_picked":["Masterful Stab","Quick Slash"],"picked":"Backflip","floor":11},{"not_picked":["Masterful Stab","Concentrate"],"picked":"Deflect","floor":12},{"not_picked":["Finisher","Choke"],"picked":"Dash","floor":13},{"not_picked":["Die Die Die","Dodge and Roll"],"picked":"Calculated Gamble","floor":14},{"not_picked":["Unload","Envenom"],"picked":"Wraith Form v2","floor":16},{"not_picked":["Outmaneuver","Sucker Punch"],"picked":"Leg Sweep","floor":18},{"not_picked":["Bane+1","Dagger Throw"],"picked":"Footwork","floor":20},{"not_picked":["Heel Hook","PiercingWail"],"picked":"Calculated Gamble+1","floor":21}],"player_experience":1801879,"relics_obtained":[{"floor":9,"key":"Happy Flower"},{"floor":10,"key":"Tiny Chest"},{"floor":14,"key":"Centennial Puzzle"}],"event_choices":[{"cards_removed":["Strike_G"],"damage_healed":0.0,"max_hp_gain":0.0,"max_hp_loss":0.0,"gold_gain":0.0,"event_name":"The Cleric","player_choice":"Card Removal","floor":3.0,"gold_loss":75.0,"damage_taken":0.0},{"cards_removed":["Defend_G"],"damage_healed":0.0,"max_hp_gain":0.0,"max_hp_loss":0.0,"gold_gain":0.0,"event_name":"Golden Wing","player_choice":"Card Removal","floor":4.0,"gold_loss":0.0,"damage_taken":7.0},{"damage_healed":0,"gold_gain":75,"player_choice":"Gather Gold","damage_taken":11,"max_hp_gain":0,"max_hp_loss":0,"event_name":"World of Goop","floor":7,"gold_loss":0},{"cards_removed":["Defend_G"],"damage_healed":0,"gold_gain":0,"player_choice":"Gave Gold","damage_taken":0,"max_hp_gain":0,"max_hp_loss":0,"event_name":"Beggar","floor":19,"gold_loss":75},{"damage_healed":0,"gold_gain":50,"player_choice":"Stole From Cult","damage_taken":0,"max_hp_gain":0,"max_hp_loss":0,"event_name":"Nest","floor":24,"gold_loss":0}],"is_beta":false,"boss_relics":[{"not_picked":["WristBlade","Pandora\u0027s Box"],"picked":"Empty Cage"}],"items_purged_floors":[22],"is_endless":false,"potions_floor_spawned":[1,5,12,14,20],"killed_by":"Book of Stabbing","ascension_level":20,"potion_discard_per_floor":[[],[],[],[],[],[],[],[],[],[],[],[],[],[],[],[],[],[],[],[],[],[],[],[],[]]}