{"neow_bonuses_skipped_log":["RANDOM_COLORLESS","TEN_PERCENT_HP_BONUS","BOSS_RELIC"],"potions_obtained_entropic_brew":[[],[],[],[],[],[],[],[],[],[]],"neow_costs_skipped_log":["NONE","NONE","NONE"],"gold_per_floor":[12,12,12,25,35,35,62,62,62,62],"floor_reached":10,"playtime":432,"items_purged":[],"score":132,"play_id":"d332f8da-1a65-41a1-af4a-eab135b122e0","local_time":"20230413100638","score_breakdown":["Floors Climbed (10): 50","Enemies Slain (3): 6","Exordium Elites Killed (1): 10","Bosses Slain (0): 0","Ascension (20): 66"],"is_ascension_mode":true,"potions_obtained_alchemize":[[],[],[],[],[],[],[],[],[],[]],"campfire_choices":[{"data":"Dagger Spray","floor":6,"key":"SMITH"},{"data":"Sucker Punch","floor":8,"key":"SMITH"}],"lesson_learned_per_floor":[[],[],[],[],[],[],[],[],[],[]],"neow_cost":"NO_GOLD","improvable_cards":{},"seed_source_timestamp":109603106075000,"shop_contents":[{"floor":3,"relics":["Girya","Ornamental Fan","Medical Kit"],"cards":["Sucker Punch","Slice","Distraction","Prepared","Noxious Fumes","Enlightenment","Transmutation"],"potions":["LiquidMemories","Fire Potion","FearPotion"]}],"circlet_count":0,"master_deck":["AscendersBane","Strike_G","Strike_G","Strike_G","Strike_G","Strike_G","Defend_G","Defend_G","Defend_G","Defend_G","Defend_G","Survivor","Neutralize","Die Die Die","Sucker Punch+1","Flechettes","Leg Sweep","Dagger Spray+1","Endless Agony"],"potion_use_per_floor":[[],[],[],[],[],[],["FearPotion"],[],[],["GhostInAJar"]],"relics":["Ring of the Snake","Ancient Tea Set"],"potions_floor_usage":[7,10],"damage_taken":[{"damage":6,"enemies":"Jaw Worm","floor":1,"turns":7},{"damage":7,"enemies":"Cultist","floor":4,"turns":4},{"damage":0,"enemies":"2 Louse","floor":5,"turns":2},{"damage":14,"enemies":"3 Sentries","floor":7,"turns":6},{"damage":39,"enemies":"Lagavulin","floor":10,"turns":10}],"seed_played":"6202449223106937080","neow_bonus_log":{"cardsObtained":[],"cardsUpgraded":[],"cardsRemoved":[],"cardsTransformed":[],"relicsObtained":[],"maxHpGained":0,"goldGained":0,"damageTaken":0,"goldLost":99,"maxHpLost":0},"potions_obtained":[{"floor":1,"key":"GhostInAJar"},{"floor":4,"key":"FearPotion"}],"is_trial":false,"path_per_floor":["M","?","$","M","M","R","E","R","T","E"],"character_chosen":"THE_SILENT","basemod:card_modifiers":[null,null,null,null,null,null,null,null,null,null,null,null,null,null,null,null,null,null,null],"items_purchased":[],"campfire_rested":0,"item_purchase_floors":[],"current_hp_per_floor":[53,53,53,46,46,46,32,32,32,0],"gold":62,"neow_bonus":"THREE_RARE_CARDS","is_prod":false,"is_daily":false,"rewards_skipped":[],"chose_seed":false,"campfire_upgraded":2,"win_rate":0,"floor_exit_playtime":[83,99,106,139,157,164,306,318,336],"timestamp":1681394798,"blue_key_relic_skipped_log":{"floor":9,"relicID":"Bottled Lightning"},"path_taken":["M","?","?","M","M","R","E","R","T","E"],"build_version":"2022-12-18","purchased_purges":0,"victory":false,"max_hp_per_floor":[66,66,66,66,66,66,66,66,66,66],"relic_stats":{"counters":[5,29],"Ancient Tea Set":[2],"obtain_stats":[{"Ancient Tea Set":7,"Ring of the Snake":0},{"Ancient Tea Set":4,"Ring of the Snake":0},{"Ancient Tea Set":19,"Ring of the Snake":0}],"Ring of the Snake":[11]},"card_choices":[{"not_picked":["Phantasmal Killer","Envenom"],"picked":"Die Die Die","floor":0},{"not_picked":["Bouncing Flask","Acrobatics"],"picked":"Sucker Punch","floor":1},{"not_picked":["Outmaneuver","Dodge and Roll"],"picked":"Leg Sweep","floor":4},{"not_picked":["Expertise","Cloak And Dagger"],"picked":"Dagger Spray","floor":5},{"not_picked":["Leg Sweep","Quick Slash"],"picked":"Endless Agony","floor":7}],"player_experience":1747798,"relics_obtained":[{"floor":7,"key":"Ancient Tea Set"}],"event_choices":[{"damage_healed":0,"gold_gain":0,"player_choice":"1 cards matched","damage_taken":0,"max_hp_gain":0,"max_hp_loss":0,"event_name":"Match and Keep!","floor":2,"gold_loss":0,"cards_obtained":["Flechettes"]}],"is_beta":false,"boss_relics":[],"items_purged_floors":[],"is_endless":false,"potions_floor_spawned":[1,4],"killed_by":"Lagavulin","ascension_level":20,"potion_discard_per_floor":[[],[],[],[],[],[],[],[],[],[]]}