{"neow_bonuses_skipped_log":["THREE_CARDS","THREE_SMALL_POTIONS","BOSS_RELIC"],"potions_obtained_entropic_brew":[[],[],[],[],[],[],[],[],[],[],[],[],[],[],[],[],[],[],[],[],[],[],[],[],[],[],[],[],[],[],[],[],[],[],[],[],[],[],[],[],[],[],[],[],[],[],[],[],[],[],[],[],[],[],[],[],[]],"neow_costs_skipped_log":["NONE","NONE","NONE"],"gold_per_floor":[112,131,131,56,74,74,90,90,90,122,145,145,180,228,228,310,310,330,342,267,276,12,12,29,60,142,142,179,199,209,209,209,292,319,340,340,351,64,125,125,150,184,184,184,184,228,72,100,100,100,100,100,100,18,49,49],"floor_reached":57,"playtime":4034,"items_purged":["Defend_G","Strike_G","Strike_G"],"score":2902,"play_id":"4e897ede-1053-411a-b930-1d3707a08e5a","local_time":"20230413171558","score_breakdown":["Floors Climbed (57): 285","Enemies Slain (13): 26","Exordium Elites Killed (2): 20","City Elites Killed (2): 40","Beyond Elites Killed (1): 30","Bosses Slain (5): 750","Champion (1): 25","Perfect (2): 100","Overkill: 25","C-c-c-combo: 25","Ascension (20): 1326","Heartbreaker: 250"],"is_ascension_mode":true,"potions_obtained_alchemize":[[],[],[],[],[],[],[],[],[],[],[],[],[],[],[],[],[],[],[],[],[],[],[],[],[],[],[],[],[],[],[],[],[],[],[],[],[],[],[],[],[],[],[],[],[],[],[],[],[],[],[],[],[],[],[],[],[]],"campfire_choices":[{"data":"Apotheosis","floor":6.0,"key":"SMITH"},{"floor":8.0,"key":"REST"},{"data":"Terror","floor":12.0,"key":"SMITH"},{"floor":15.0,"key":"RECALL"},{"floor":23.0,"key":"REST"},{"floor":27.0,"key":"REST"},{"floor":32.0,"key":"REST"},{"data":"1","floor":40,"key":"LIFT"},{"data":"2","floor":45,"key":"LIFT"},{"data":"3","floor":49,"key":"LIFT"},{"floor":53,"key":"REST"}],"lesson_learned_per_floor":[[],[],[],[],[],[],[],[],[],[],[],[],[],[],[],[],[],[],[],[],[],[],[],[],[],[],[],[],[],[],[],[],[],[],[],[],[],[],[],[],[],[],[],[],[],[],[],[],[],[],[],[],[],[],[],[],[]],"neow_cost":"PERCENT_DAMAGE","improvable_cards":{"RitualDagger":[88]},"seed_source_timestamp":131688719300900,"shop_contents":[{"floor":4,"relics":["Shuriken","Akabeko","HandDrill"],"cards":["Underhanded Strike","Predator","Deadly Poison","Dodge and Roll","Footwork","Finesse","Secret Weapon"],"potions":["Energy Potion","Fire Potion","DistilledChaos"]},{"floor":22,"relics":["Darkstone Periapt","Du-Vu Doll","DollysMirror"],"cards":["Bane","Concentrate","Outmaneuver","Purity","Metamorphosis"],"potions":["Swift Potion","FearPotion"]},{"floor":38,"relics":["MealTicket","Juzu Bracelet"],"cards":["Underhanded Strike","Choke","Deflect+1","PiercingWail+1","Footwork+1","Forethought+1","Violence+1"],"potions":["LiquidBronze","Ancient Potion","Strength Potion"]},{"floor":47,"relics":["Omamori","Pantograph"],"cards":["Sucker Punch","Slice","Prepared+1","Infinite Blades+1","Trip+1","Magnetism+1"],"potions":["Dexterity Potion","DistilledChaos","SpeedPotion"]},{"floor":54,"relics":["Happy Flower","Oddly Smooth Stone","TwistedFunnel"],"cards":["Slice","Bane","Accuracy+1","Blind+1","Secret Technique+1"],"potions":["FairyPotion","SteroidPotion","Swift Potion"]}],"circlet_count":0,"master_deck":["AscendersBane","Defend_G","Defend_G","Survivor","Neutralize","Apotheosis+1","Backflip","Masterful Stab","Terror+1","Endless Agony","Noxious Fumes+1","Adrenaline","RitualDagger","Footwork+1","Dash","Backflip+1","Prepared+1","Doppelganger+1","Cloak And Dagger+1","Malaise+1","Tactician+1","Outmaneuver+1","Prepared+1","Cloak And Dagger+1","Deflect+1","Expertise+1","Acrobatics+1","Outmaneuver+1","Tools of the Trade+1","Expertise+1","Calculated Gamble+1","Blade Dance+1"],"special_seed":0,"potion_use_per_floor":[[],[],[],[],[],[],[],[],[],["GamblersBrew"],["Explosive Potion"],[],[],[],[],[],[],[],["Poison Potion"],[],[],[],[],[],["Swift Potion"],[],[],[],[],[],[],[],["Poison Potion"],[],[],[],[],[],[],[],[],[],[],[],[],[],[],[],[],[],[],[],[],[],[],["Ancient Potion","SpeedPotion"],[]],"relics":["Ring of the Snake","Frozen Egg 2","Pen Nib","Odd Mushroom","Vajra","CeramicFish","Fusion Hammer","Toxic Egg 2","Paper Crane","HornCleat","Ornamental Fan","Astrolabe","Frozen Eye","Girya","Lizard Tail","Anchor","Orrery","Nunchaku"],"potions_floor_usage":[56,56],"damage_taken":[{"damage":2.0,"enemies":"2 Louse","floor":1.0,"turns":4.0},{"damage":2.0,"enemies":"Jaw Worm","floor":2.0,"turns":6.0},{"damage":0.0,"enemies":"Cultist","floor":5.0,"turns":3.0},{"damage":2.0,"enemies":"3 Louse","floor":7.0,"turns":4.0},{"damage":6.0,"enemies":"Gremlin Nob","floor":10.0,"turns":3.0},{"damage":1.0,"enemies":"The Mushroom Lair","floor":11.0,"turns":4.0},{"damage":2.0,"enemies":"3 Sentries","floor":13.0,"turns":7.0},{"damage":29.0,"enemies":"Hexaghost","floor":16.0,"turns":10.0},{"damage":0.0,"enemies":"Chosen","floor":18.0,"turns":3.0},{"damage":16.0,"enemies":"3 Byrds","floor":19.0,"turns":4.0},{"damage":0.0,"enemies":"Snake Plant","floor":24.0,"turns":2.0},{"damage":2.0,"enemies":"Gremlin Leader","floor":25.0,"turns":5.0},{"damage":9.0,"enemies":"Slavers","floor":28.0,"turns":7.0},{"damage":0.0,"enemies":"Snecko","floor":29.0,"turns":2.0},{"damage":0.0,"enemies":"Sentry and Sphere","floor":30.0,"turns":3.0},{"damage":0.0,"enemies":"Automaton","floor":33.0,"turns":10.0},{"damage":0.0,"enemies":"3 Shapes","floor":35.0,"turns":3.0},{"damage":0.0,"enemies":"Orb Walker","floor":37.0,"turns":3.0},{"damage":0,"enemies":"2 Orb Walkers","floor":39,"turns":5},{"damage":0,"enemies":"Maw","floor":41,"turns":6},{"damage":0,"enemies":"Mind Bloom Boss Battle","floor":42,"turns":5},{"damage":0,"enemies":"Nemesis","floor":46,"turns":3},{"damage":0,"enemies":"3 Darklings","floor":48,"turns":3},{"damage":0,"enemies":"Donu and Deca","floor":50,"turns":5},{"damage":68,"enemies":"Time Eater","floor":51,"turns":20},{"damage":14,"enemies":"Shield and Spear","floor":55,"turns":8},{"damage":22,"enemies":"The Heart","floor":56,"turns":9}],"green_key_taken_log":28,"seed_played":"3368491021184450129","neow_bonus_log":{"cardsObtained":[],"cardsUpgraded":[],"cardsRemoved":[],"cardsTransformed":[],"relicsObtained":[],"maxHpGained":0,"goldGained":0,"damageTaken":15,"goldLost":0,"maxHpLost":0},"potions_obtained":[{"floor":2.0,"key":"GamblersBrew"},{"floor":5.0,"key":"Explosive Potion"},{"floor":13.0,"key":"BlessingOfTheForge"},{"floor":16.0,"key":"Energy Potion"},{"floor":18.0,"key":"Poison Potion"},{"floor":29.0,"key":"Poison Potion"},{"floor":35.0,"key":"SpeedPotion"},{"floor":37,"key":"Ancient Potion"}],"is_trial":false,"path_per_floor":["M","M","?","$","M","R","M","R","T","E","?","R","E","T","R","B",null,"M","M","?","?","$","R","M","E","T","R","E","M","M","T","R","B",null,"M","?","M","$","?","R","M","?","T","?","R","E","$","M","R","B","B",null,"R","$","E","B",null],"character_chosen":"THE_SILENT","basemod:card_modifiers":[null,null,null,null,null,null,null,null,null,null,null,null,null,null,null,null,null,null,null,null,null,null,null,null,null,null,null,null,null,null,null,null],"items_purchased":["Footwork+1","Dash","Swift Potion","Frozen Eye","Acrobatics+1","Orrery","Calculated Gamble+1","Blade Dance+1"],"campfire_rested":5,"item_purchase_floors":[22,22,22,38,47,47,54,54],"current_hp_per_floor":[42,40,33,33,33,33,31,50,50,44,43,43,41,41,41,12,53,53,37,37,31,31,50,50,48,48,66,57,57,57,57,66,66,66,66,66,66,66,66,66,66,66,66,63,63,63,63,63,63,63,28,54,63,63,49,27],"gold":49,"neow_bonus":"RANDOM_COLORLESS_2","is_prod":false,"is_daily":false,"rewards_skipped":[{"floor":24,"relics":[],"potions":["EssenceOfSteel"]},{"floor":39,"relics":[],"potions":["SkillPotion"]},{"floor":48,"relics":[],"potions":["Weak Potion"]},{"floor":55,"relics":[],"potions":["Swift Potion"]}],"chose_seed":false,"campfire_upgraded":2,"win_rate":0,"floor_exit_playtime":[51,97,106,123,149,155,196,202,204,232,302,311,405,407,423,514,537,571,652,660,664,689,693,739,870,872,876,994,1018,1096,1098,1100,1264,1310,1366,1369,1434,1470,1579,1588,1745,1850,1857,1862,1868,1945,2026,2183,2189,2500,3282,3293,3296,3326,3640,4034],"timestamp":1681420558,"blue_key_relic_skipped_log":{"floor":43,"relicID":"Mummified Hand"},"path_taken":["M","M","?","$","M","R","M","R","T","E","?","R","E","?","R","BOSS","M","M","?","?","$","R","M","E","T","R","E","M","M","?","R","BOSS","M","?","M","$","?","R","M","?","T","?","R","E","$","M","R","BOSS","BOSS","R","$","E","BOSS"],"build_version":"2022-12-18","purchased_purges":3,"victory":true,"max_hp_per_floor":[66,66,66,66,66,66,66,66,66,66,66,66,66,66,66,66,66,66,66,66,66,66,66,66,66,66,66,66,66,66,66,66,66,66,66,66,66,66,66,66,66,66,66,63,63,63,63,63,63,63,63,63,63,63,63,63],"relic_stats":{"Frozen Eye":83.46175,"Girya":3,"Lizard Tail":31,"Nunchaku":[5],"counters":[27,147],"Ornamental Fan":[240],"CeramicFish":189,"Astrolabe":["Cloak And Dagger","Malaise","Tactician"],"Pen Nib":[37],"obtain_stats":[{"Girya":39,"CeramicFish":14,"Astrolabe":34,"Vajra":13,"Pen Nib":10,"Frozen Egg 2":9,"Odd Mushroom":11,"Paper Crane":26,"Frozen Eye":38,"Lizard Tail":42,"Anchor":46,"Nunchaku":55,"HornCleat":28,"Ornamental Fan":31,"Orrery":47,"Fusion Hammer":17,"Toxic Egg 2":25,"Ring of the Snake":0},{"Girya":19,"CeramicFish":7,"Astrolabe":16,"Vajra":7,"Pen Nib":5,"Frozen Egg 2":4,"Odd Mushroom":6,"Paper Crane":12,"Frozen Eye":18,"Lizard Tail":21,"Anchor":22,"Nunchaku":26,"HornCleat":13,"Ornamental Fan":15,"Orrery":22,"Fusion Hammer":8,"Toxic Egg 2":12,"Ring of the Snake":0},{"Girya":88,"CeramicFish":31,"Astrolabe":77,"Vajra":31,"Pen Nib":20,"Frozen Egg 2":17,"Odd Mushroom":24,"Paper Crane":55,"Frozen Eye":83,"Lizard Tail":99,"Anchor":102,"Nunchaku":138,"HornCleat":62,"Ornamental Fan":67,"Orrery":102,"Fusion Hammer":41,"Toxic Egg 2":55,"Ring of the Snake":0}],"Ring of the Snake":[58]},"card_choices":[{"not_picked":["Secret Weapon","Thinking Ahead"],"picked":"Apotheosis","floor":0.0},{"not_picked":["PiercingWail","Poisoned Stab","Dodge and Roll"],"picked":"SKIP","floor":1.0},{"not_picked":["Cloak And Dagger","Underhanded Strike"],"picked":"Backflip","floor":2.0},{"not_picked":["Reflex","Deadly Poison","Crippling Poison"],"picked":"SKIP","floor":5.0},{"not_picked":["Skewer","Sucker Punch"],"picked":"Masterful Stab","floor":7.0},{"not_picked":["Dash","Night Terror"],"picked":"Terror","floor":10.0},{"not_picked":["Setup","Bouncing Flask"],"picked":"Endless Agony","floor":11.0},{"not_picked":["Crippling Poison","Masterful Stab"],"picked":"Noxious Fumes+1","floor":13.0},{"not_picked":["Phantasmal Killer","Grand Finale"],"picked":"Adrenaline","floor":16.0},{"not_picked":["Deflect","Endless Agony","Caltrops+1"],"picked":"SKIP","floor":18.0},{"not_picked":["Infinite Blades+1","Poisoned Stab","Deadly Poison"],"picked":"SKIP","floor":19.0},{"not_picked":["Sucker Punch","Slice","Quick Slash"],"picked":"SKIP","floor":24.0},{"not_picked":["Quick Slash","Slice","Noxious Fumes+1"],"picked":"SKIP","floor":25.0},{"not_picked":["Phantasmal Killer+1","Sucker Punch+1"],"picked":"Backflip+1","floor":28.0},{"not_picked":["Catalyst+1","Setup+1"],"picked":"Prepared+1","floor":29.0},{"not_picked":["Underhanded Strike","Blade Dance+1","PiercingWail+1"],"picked":"SKIP","floor":30.0},{"not_picked":["Burst+1","After Image+1"],"picked":"Doppelganger+1","floor":33.0},{"not_picked":["Bouncing Flask+1","Caltrops+1"],"picked":"Outmaneuver+1","floor":35.0},{"not_picked":["Cloak And Dagger+1","Concentrate+1","Outmaneuver+1"],"picked":"SKIP","floor":37},{"not_picked":["Catalyst+1","Dagger Throw+1"],"picked":"Prepared+1","floor":39},{"not_picked":["Poisoned Stab+1","Deadly Poison+1"],"picked":"Cloak And Dagger+1","floor":41},{"not_picked":["Catalyst+1","Flying Knee"],"picked":"Deflect+1","floor":42},{"not_picked":["A Thousand Cuts+1","Bane"],"picked":"Expertise+1","floor":46},{"not_picked":["Flechettes","Masterful Stab"],"picked":"Outmaneuver+1","floor":47},{"not_picked":["Deadly Poison+1","Accuracy+1"],"picked":"Tools of the Trade+1","floor":47},{"not_picked":["Riddle With Holes","Heel Hook","Dagger Spray"],"picked":"SKIP","floor":47},{"not_picked":["Riddle With Holes+1","Choke","Skewer"],"picked":"SKIP","floor":47},{"not_picked":["Deflect+1","Outmaneuver+1","Flying Knee"],"picked":"SKIP","floor":47},{"not_picked":["Underhanded Strike+1","Finisher"],"picked":"Expertise+1","floor":48},{"not_picked":["Backflip+1","Corpse Explosion+1","Blade Dance+1"],"picked":"SKIP","floor":55}],"player_experience":1758027,"relics_obtained":[{"floor":9.0,"key":"Frozen Egg 2"},{"floor":10.0,"key":"Pen Nib"},{"floor":11.0,"key":"Odd Mushroom"},{"floor":13.0,"key":"Vajra"},{"floor":14.0,"key":"CeramicFish"},{"floor":25.0,"key":"Toxic Egg 2"},{"floor":26.0,"key":"Paper Crane"},{"floor":28.0,"key":"HornCleat"},{"floor":31.0,"key":"Ornamental Fan"},{"floor":39,"key":"Girya"},{"floor":42,"key":"Lizard Tail"},{"floor":46,"key":"Anchor"},{"floor":55,"key":"Nunchaku"}],"event_choices":[{"cards_removed":["Defend_G"],"damage_healed":0.0,"max_hp_gain":0.0,"max_hp_loss":0.0,"gold_gain":0.0,"event_name":"Golden Wing","player_choice":"Card Removal","floor":3.0,"gold_loss":0.0,"damage_taken":7.0},{"damage_healed":0.0,"max_hp_gain":0.0,"max_hp_loss":0.0,"gold_gain":0.0,"event_name":"Mushrooms","player_choice":"Fought Mushrooms","floor":11.0,"gold_loss":0.0,"damage_taken":0.0},{"cards_removed":["Strike_G"],"damage_healed":0.0,"max_hp_gain":0.0,"max_hp_loss":0.0,"gold_gain":0.0,"event_name":"Beggar","player_choice":"Gave Gold","floor":20.0,"gold_loss":75.0,"damage_taken":0.0},{"damage_healed":0.0,"max_hp_gain":0.0,"max_hp_loss":0.0,"gold_gain":0.0,"event_name":"Nest","player_choice":"Joined the Cult","floor":21.0,"gold_loss":0.0,"damage_taken":6.0,"cards_obtained":["RitualDagger"]},{"damage_healed":0.0,"max_hp_gain":0.0,"max_hp_loss":0.0,"gold_gain":0.0,"event_name":"Tomb of Lord Red Mask","player_choice":"Ignored","floor":36.0,"gold_loss":0.0,"damage_taken":0.0},{"damage_healed":0,"gold_gain":0,"player_choice":"Fight","damage_taken":0,"max_hp_gain":0,"max_hp_loss":0,"event_name":"Mysterious Sphere","floor":39,"gold_loss":0},{"damage_healed":0,"gold_gain":0,"player_choice":"Fight","damage_taken":0,"max_hp_gain":0,"max_hp_loss":0,"event_name":"MindBloom","floor":42,"gold_loss":0},{"damage_healed":0,"gold_gain":0,"player_choice":"Max HP","damage_taken":0,"max_hp_gain":0,"max_hp_loss":3,"event_name":"Winding Halls","floor":44,"gold_loss":0}],"is_beta":false,"boss_relics":[{"not_picked":["Busted Crown","Black Star"],"picked":"Fusion Hammer"},{"not_picked":["Sozu","Philosopher\u0027s Stone"],"picked":"Astrolabe"}],"items_purged_floors":[4,22,38],"is_endless":false,"potions_floor_spawned":[2,5,13,16,18,24,29,35,37,39,48,55],"ascension_level":20,"potion_discard_per_floor":[[],[],[],[],[],[],[],[],[],[],[],[],[],[],[],[],[],["BlessingOfTheForge"],[],[],[],[],[],[],[],[],[],[],[],[],[],[],[],[],[],[],["Energy Potion"],[],[],[],[],[],[],[],[],[],[],[],[],[],[],[],[],[],[],[],[]]}