{"neow_bonuses_skipped_log":["UPGRADE_CARD","RANDOM_COMMON_RELIC","BOSS_RELIC"],"neow_costs_skipped_log":["NONE","NONE","NONE"],"potions_obtained_entropic_brew":[[],[],[],[],[],[],[],[]],"gold_per_floor":[114,125,145,145,157,157,192,192],"floor_reached":8,"playtime":339,"items_purged":[],"score":116,"play_id":"6b513ea4-01e9-4f7b-8012-732767365d7a","local_time":"20230412152700","score_breakdown":["Floors Climbed (8): 40","Enemies Slain (4): 8","Exordium Elites Killed (1): 10","Bosses Slain (0): 0","Ascension (20): 58"],"is_ascension_mode":true,"potions_obtained_alchemize":[[],[],[],[],[],[],[],[]],"campfire_choices":[{"floor":6,"key":"REST"}],"lesson_learned_per_floor":[[],[],[],[],[],[],[],[]],"neow_cost":"PERCENT_DAMAGE","improvable_cards":{},"seed_source_timestamp":42517796601300,"shop_contents":[],"circlet_count":0,"master_deck":["AscendersBane","Strike_G","Strike_G+1","Strike_G","Defend_G","Defend_G","Defend_G","Defend_G","Defend_G+1","Survivor+1","Neutralize","Cloak And Dagger","Well Laid Plans","Blade Dance","Accuracy","Backstab+1","Finisher"],"potion_use_per_floor":[[],[],[],[],[],[],[],[]],"relics":["Ring of the Snake","Whetstone"],"potions_floor_usage":[],"damage_taken":[{"damage":1,"enemies":"Small Slimes","floor":1,"turns":4},{"damage":0,"enemies":"Jaw Worm","floor":2,"turns":5},{"damage":3,"enemies":"2 Louse","floor":3,"turns":3},{"damage":0,"enemies":"Blue Slaver","floor":5,"turns":4},{"damage":34,"enemies":"Lagavulin","floor":7,"turns":12},{"damage":8,"enemies":"Red Slaver","floor":8,"turns":1}],"seed_played":"-9213432143053983541","neow_bonus_log":{"cardsObtained":["Cloak And Dagger","Well Laid Plans"],"cardsUpgraded":[],"cardsRemoved":[],"cardsTransformed":["Strike_G","Strike_G"],"relicsObtained":[],"maxHpGained":0,"goldGained":0,"damageTaken":15,"goldLost":0,"maxHpLost":0},"potions_obtained":[],"is_trial":false,"path_per_floor":["M","M","M","?","M","R","E","M"],"character_chosen":"THE_SILENT","basemod:card_modifiers":[null,null,null,null,null,null,null,null,null,null,null,null,null,null,null,null,null],"items_purchased":[],"campfire_rested":1,"item_purchase_floors":[],"current_hp_per_floor":[43,43,40,20,20,39,5,0],"gold":192,"neow_bonus":"TRANSFORM_TWO_CARDS","is_prod":false,"is_daily":false,"rewards_skipped":[],"chose_seed":false,"campfire_upgraded":0,"win_rate":0,"floor_exit_playtime":[56,110,148,155,195,201,326],"timestamp":1681327620,"path_taken":["M","M","M","?","M","R","E","M"],"build_version":"2022-12-18","purchased_purges":0,"victory":false,"max_hp_per_floor":[66,66,66,66,66,66,66,66],"relic_stats":{"counters":[6,29],"Whetstone":["Strike_G","Backstab"],"obtain_stats":[{"Whetstone":7,"Ring of the Snake":0},{"Whetstone":5,"Ring of the Snake":0},{"Whetstone":28,"Ring of the Snake":0}],"Ring of the Snake":[12]},"card_choices":[{"not_picked":["Underhanded Strike","Dagger Spray"],"picked":"Blade Dance","floor":1},{"not_picked":["Setup","Backflip"],"picked":"Accuracy","floor":2},{"not_picked":["Quick Slash","Bane","Prepared"],"picked":"SKIP","floor":3},{"not_picked":["Cloak And Dagger","PiercingWail"],"picked":"Backstab","floor":5},{"not_picked":["Catalyst","Blur"],"picked":"Finisher","floor":7}],"player_experience":1724961,"relics_obtained":[{"floor":7,"key":"Whetstone"}],"event_choices":[{"damage_healed":0,"gold_gain":0,"player_choice":"Entered Light","damage_taken":20,"max_hp_gain":0,"max_hp_loss":0,"event_name":"Shining Light","floor":4,"gold_loss":0,"cards_upgraded":["Survivor","Defend_G"]}],"is_beta":false,"boss_relics":[],"items_purged_floors":[],"is_endless":false,"potions_floor_spawned":[],"killed_by":"Red Slaver","ascension_level":20,"potion_discard_per_floor":[[],[],[],[],[],[],[],[]]}