{"neow_bonuses_skipped_log":["REMOVE_CARD","TEN_PERCENT_HP_BONUS","BOSS_RELIC"],"neow_costs_skipped_log":["NONE","NONE","NONE"],"potions_obtained_entropic_brew":[[],[],[],[],[],[],[],[],[],[],[],[],[],[],[],[],[],[],[],[],[],[],[],[],[],[],[],[],[],[],[],[],[],[],[],[],[],[],[],[],[],[],[],[],[],[],[],[],[],[],[],[],[],[],[],[]],"gold_per_floor":[112,112,112,127,127,127,147,191,191,206,240,240,261,284,284,382,382,403,427,263,288,188,188,224,224,247,280,405,405,429,452,452,545,545,560,560,584,608,633,633,676,696,696,696,586,586,604,454,454,454,454,454,454,25,65,65],"floor_reached":56,"playtime":5033,"items_purged":["Strike_G","Strike_G","Defend_G","Defend_G"],"score":1963,"play_id":"9a8846fe-dc51-47f8-ae6d-6a68deead262","local_time":"20230411215004","score_breakdown":["Floors Climbed (56): 280","Enemies Slain (17): 34","Exordium Elites Killed (1): 10","City Elites Killed (2): 40","Beyond Elites Killed (1): 30","Bosses Slain (4): 500","Collector (1): 25","Champion (2): 50","C-c-c-combo: 25","Ascension (20): 969"],"is_ascension_mode":true,"potions_obtained_alchemize":[[],[],[],[],[],[],[],[],[],[],[],[],[],[],[],[],[],[],[],[],[],[],[],[],[],[],[],[],[],[],[],[],[],[],[],[],[],[],[],[],[],[],[],[],[],[],[],[],[],[],[],[],[],[],[],[]],"campfire_choices":[{"data":"Envenom","floor":6,"key":"SMITH"},{"data":"Cloak And Dagger","floor":12,"key":"SMITH"},{"data":"Flechettes","floor":15,"key":"SMITH"},{"data":"Burst","floor":23,"key":"SMITH"},{"floor":25,"key":"REST"},{"data":"Outmaneuver","floor":32,"key":"SMITH"},{"floor":40,"key":"REST"},{"floor":44,"key":"REST"},{"data":"Doppelganger","floor":46,"key":"SMITH"},{"floor":49,"key":"RECALL"},{"floor":53,"key":"REST"}],"lesson_learned_per_floor":[[],[],[],[],[],[],[],[],[],[],[],[],[],[],[],[],[],[],[],[],[],[],[],[],[],[],[],[],[],[],[],[],[],[],[],[],[],[],[],[],[],[],[],[],[],[],[],[],[],[],[],[],[],[],[],[]],"neow_cost":"TEN_PERCENT_HP_LOSS","improvable_cards":{},"seed_source_timestamp":927740051044300,"shop_contents":[{"floor":20,"relics":["StrikeDummy","TungstenRod","Toolbox"],"cards":["Slice","Flying Knee","Leg Sweep","Caltrops","Bandage Up","Transmutation"],"potions":["BlessingOfTheForge","ColorlessPotion","Explosive Potion"]},{"floor":22,"relics":["Tiny Chest","Blue Candle","TheAbacus"],"cards":["Predator","Bane","Deadly Poison","Concentrate","Infinite Blades","Trip","Chrysalis"],"potions":["Block Potion","PowerPotion","Ancient Potion"]},{"floor":48,"relics":["Eternal Feather","Pear","PrismaticShard"],"cards":["Heel Hook+1","Riddle With Holes+1","Prepared","Infinite Blades","Impatience","Secret Technique"],"potions":["CultistPotion","Weak Potion","Swift Potion"]},{"floor":54,"relics":["Anchor","TwistedFunnel"],"cards":["Dagger Throw+1","Flying Knee+1","Deadly Poison","Prepared","Accuracy","Swift Strike+1","Secret Technique"],"potions":["Strength Potion","SteroidPotion"]}],"circlet_count":0,"master_deck":["AscendersBane","Defend_G","Defend_G","Survivor","Neutralize","Eviscerate","Envenom+1","Flechettes+1","Cloak And Dagger+1","Deadly Poison","Blade Dance","Dodge and Roll","Bouncing Flask+1","Leg Sweep","Burst+1","Concentrate","Escape Plan","Prepared+1","Backflip+1","Outmaneuver+1","Doppelganger+1","CurseOfTheBell","Acrobatics","Master of Strategy","Reflex","Reflex","Prepared+1","Blur","Acrobatics","Acrobatics","Acrobatics","Noxious Fumes+1"],"potion_use_per_floor":[[],[],[],[],[],[],[],["Weak Potion"],[],[],[],[],[],[],[],[],[],[],[],[],[],[],[],[],[],[],["AttackPotion"],[],[],[],[],[],["AttackPotion"],[],[],[],[],[],["Ancient Potion"],[],[],[],[],[],[],[],[],[],[],["GamblersBrew"],["LiquidMemories"],[],[],[],[],["CunningPotion","FairyPotion"]],"relics":["Ring of the Snake","Golden Idol","Sundial","Akabeko","Odd Mushroom","Runic Pyramid","Gambling Chip","Bag of Preparation","Calipers","Mercury Hourglass","Calling Bell","PreservedInsect","InkBottle","Prayer Wheel","Bottled Flame","Molten Egg 2","Oddly Smooth Stone"],"potions_floor_usage":[8,27,33,39,50,51,56],"damage_taken":[{"damage":2,"enemies":"2 Louse","floor":1,"turns":4},{"damage":2,"enemies":"Small Slimes","floor":4,"turns":4},{"damage":0,"enemies":"Jaw Worm","floor":7,"turns":4},{"damage":15,"enemies":"Lagavulin","floor":8,"turns":8},{"damage":0,"enemies":"3 Louse","floor":10,"turns":3},{"damage":10,"enemies":"The Mushroom Lair","floor":11,"turns":4},{"damage":5,"enemies":"Gremlin Gang","floor":13,"turns":10},{"damage":0,"enemies":"2 Fungi Beasts","floor":14,"turns":3},{"damage":15,"enemies":"Hexaghost","floor":16,"turns":8},{"damage":0,"enemies":"Chosen","floor":18,"turns":5},{"damage":0,"enemies":"Shell Parasite","floor":19,"turns":1},{"damage":0,"enemies":"Centurion and Healer","floor":21,"turns":5},{"damage":16,"enemies":"Book of Stabbing","floor":24,"turns":6},{"damage":0,"enemies":"Slavers","floor":27,"turns":6},{"damage":5,"enemies":"Colosseum Slavers","floor":28,"turns":2},{"damage":5,"enemies":"Colosseum Nobs","floor":28,"turns":3},{"damage":0,"enemies":"Sentry and Sphere","floor":30,"turns":2},{"damage":0,"enemies":"Snecko","floor":31,"turns":1},{"damage":23,"enemies":"Collector","floor":33,"turns":7},{"damage":0,"enemies":"Orb Walker","floor":35,"turns":1},{"damage":0,"enemies":"3 Shapes","floor":37,"turns":4},{"damage":0,"enemies":"Jaw Worm Horde","floor":38,"turns":6},{"damage":0,"enemies":"Spire Growth","floor":39,"turns":4},{"damage":18,"enemies":"Giant Head","floor":41,"turns":7},{"damage":0,"enemies":"3 Darklings","floor":42,"turns":4},{"damage":0,"enemies":"Transient","floor":47,"turns":6},{"damage":22,"enemies":"Awakened One","floor":50,"turns":12},{"damage":18,"enemies":"Donu and Deca","floor":51,"turns":9},{"damage":0,"enemies":"Shield and Spear","floor":55,"turns":3},{"damage":98,"enemies":"The Heart","floor":56,"turns":5}],"green_key_taken_log":41,"seed_played":"168588139948468107","neow_bonus_log":{"cardsObtained":[],"cardsUpgraded":[],"cardsRemoved":["Strike_G","Defend_G"],"cardsTransformed":[],"relicsObtained":[],"maxHpGained":0,"goldGained":0,"damageTaken":0,"goldLost":0,"maxHpLost":6},"potions_obtained":[{"floor":7,"key":"Weak Potion"},{"floor":11,"key":"Ancient Potion"},{"floor":13,"key":"BlessingOfTheForge"},{"floor":14,"key":"AttackPotion"},{"floor":28,"key":"AttackPotion"},{"floor":33,"key":"Energy Potion"},{"floor":38,"key":"GamblersBrew"},{"floor":42,"key":"LiquidMemories"},{"floor":55,"key":"CunningPotion"}],"is_trial":false,"path_per_floor":["M","?","?","M","?","R","M","E","T","M","?","R","M","M","R","B",null,"M","M","$","M","$","R","E","R","T","E","?","?","M","M","R","B",null,"M","?","M","M","M","R","E","M","T","R","?","R","M","$","R","B","B",null,"R","$","E","B"],"character_chosen":"THE_SILENT","basemod:card_modifiers":[null,null,null,null,null,null,null,null,null,null,null,null,null,null,null,null,null,null,null,null,null,null,null,null,null,null,null,null,null,null,null,null],"items_purchased":["Concentrate","Acrobatics","Oddly Smooth Stone","FairyPotion"],"campfire_rested":4,"item_purchase_floors":[20,48,54,54],"current_hp_per_floor":[57,54,54,52,52,52,52,37,37,37,27,27,22,22,22,7,42,42,42,42,42,42,42,26,42,42,42,32,32,32,32,32,9,43,43,33,33,33,33,49,31,31,31,47,47,47,47,47,47,25,7,42,54,54,54,0],"gold":65,"neow_bonus":"REMOVE_TWO","is_prod":false,"is_daily":false,"rewards_skipped":[{"floor":19,"relics":[],"potions":["Regen Potion"]},{"floor":21,"relics":[],"potions":["Fire Potion"]},{"floor":35,"relics":[],"potions":["SpeedPotion"]},{"floor":55,"relics":["Ninja Scroll"],"potions":[]}],"chose_seed":false,"campfire_upgraded":6,"win_rate":0,"floor_exit_playtime":[67,72,83,129,135,144,181,254,256,305,366,376,479,538,552,652,670,749,769,795,855,874,886,1021,1030,1040,1157,1309,1338,1387,1441,1450,1701,1724,1756,1794,1879,2039,2186,2312,2594,2763,2767,2787,2804,2842,3150,3200,3203,3993,4530,4543,4550,4579,4786],"timestamp":1681264204,"blue_key_relic_skipped_log":{"floor":26,"relicID":"Whetstone"},"path_taken":["M","?","?","M","?","R","M","E","T","M","?","R","M","M","R","BOSS","M","M","$","M","$","R","E","R","T","E","?","?","M","M","R","BOSS","M","?","M","M","M","R","E","M","T","R","?","R","?","$","R","BOSS","BOSS","R","$","E","BOSS"],"build_version":"2022-12-18","purchased_purges":4,"victory":false,"max_hp_per_floor":[60,54,54,54,54,54,54,54,54,54,54,54,54,54,54,54,54,54,54,54,54,54,54,54,54,54,54,54,54,54,54,54,54,54,54,54,54,54,54,54,54,54,54,54,54,54,54,54,54,54,54,54,54,54,54,54],"relic_stats":{"Calipers":[110],"counters":[30,146],"Golden Idol":219,"PreservedInsect":240,"Bag of Preparation":[32],"Mercury Hourglass":[246],"Bottled Flame":"Flechettes","Sundial":[32],"Gambling Chip":[89],"Prayer Wheel":6,"obtain_stats":[{"Calipers":28,"Golden Idol":2,"Oddly Smooth Stone":54,"PreservedInsect":34,"Bag of Preparation":27,"Odd Mushroom":11,"Akabeko":9,"Mercury Hourglass":28,"Calling Bell":34,"Bottled Flame":41,"Sundial":8,"Gambling Chip":24,"Prayer Wheel":34,"Molten Egg 2":43,"InkBottle":34,"Ring of the Snake":0,"Runic Pyramid":17},{"Calipers":16,"Golden Idol":1,"Oddly Smooth Stone":28,"PreservedInsect":19,"Bag of Preparation":14,"Odd Mushroom":6,"Akabeko":4,"Mercury Hourglass":16,"Calling Bell":19,"Bottled Flame":24,"Sundial":4,"Gambling Chip":13,"Prayer Wheel":19,"Molten Egg 2":25,"InkBottle":19,"Ring of the Snake":0,"Runic Pyramid":9},{"Calipers":76,"Golden Idol":4,"Oddly Smooth Stone":138,"PreservedInsect":85,"Bag of Preparation":71,"Odd Mushroom":27,"Akabeko":20,"Mercury Hourglass":76,"Calling Bell":85,"Bottled Flame":107,"Sundial":20,"Gambling Chip":65,"Prayer Wheel":85,"Molten Egg 2":111,"InkBottle":85,"Ring of the Snake":0,"Runic Pyramid":48}],"InkBottle":[60],"Ring of the Snake":[60]},"card_choices":[{"not_picked":["PiercingWail","Riddle With Holes"],"picked":"Eviscerate","floor":1},{"not_picked":["Deflect","Expertise"],"picked":"Flechettes","floor":4},{"not_picked":["Deflect","Flying Knee"],"picked":"Cloak And Dagger","floor":7},{"not_picked":["Flying Knee","Skewer"],"picked":"Deadly Poison","floor":8},{"not_picked":["Prepared","Catalyst"],"picked":"Blade Dance","floor":10},{"not_picked":["Blur","Eviscerate"],"picked":"Dodge and Roll","floor":11},{"not_picked":["Predator","Leg Sweep"],"picked":"Bouncing Flask","floor":13},{"not_picked":["Poisoned Stab","Slice"],"picked":"Leg Sweep","floor":14},{"not_picked":["Unload","Night Terror"],"picked":"Burst","floor":16},{"not_picked":["Blade Dance","Deadly Poison","Flying Knee"],"picked":"SKIP","floor":18},{"not_picked":["Quick Slash","Finisher","Slice"],"picked":"SKIP","floor":19},{"not_picked":["Bane","Quick Slash","Storm of Steel"],"picked":"SKIP","floor":21},{"not_picked":["Choke+1","Terror","Well Laid Plans"],"picked":"SKIP","floor":24},{"not_picked":["Underhanded Strike+1","Infinite Blades"],"picked":"Escape Plan","floor":27},{"not_picked":["Masterful Stab","Acrobatics"],"picked":"Prepared+1","floor":28},{"not_picked":["Blade Dance","Riddle With Holes"],"picked":"Backflip+1","floor":30},{"not_picked":["Heel Hook","Envenom"],"picked":"Outmaneuver","floor":31},{"not_picked":["Phantasmal Killer","Night Terror"],"picked":"Doppelganger","floor":33},{"not_picked":["Bane","Backflip"],"picked":"Acrobatics","floor":35},{"not_picked":["Well Laid Plans","Bane+1","Deflect"],"picked":"SKIP","floor":35},{"not_picked":["Blind","Madness"],"picked":"Master of Strategy","floor":36},{"not_picked":["Flash of Steel","Enlightenment","Magnetism"],"picked":"SKIP","floor":36},{"not_picked":["Enlightenment","Mayhem","Deep Breath"],"picked":"SKIP","floor":36},{"not_picked":["Riddle With Holes+1","Dagger Spray","Bane"],"picked":"SKIP","floor":37},{"not_picked":["Underhanded Strike+1","Slice","Accuracy+1"],"picked":"SKIP","floor":37},{"not_picked":["Setup","Blur"],"picked":"Reflex","floor":38},{"not_picked":["Dash","Poisoned Stab+1","Backflip"],"picked":"SKIP","floor":38},{"not_picked":["Dash","Poisoned Stab+1","Backflip"],"picked":"SKIP","floor":38},{"not_picked":["Dodge and Roll","Backflip+1"],"picked":"Reflex","floor":39},{"not_picked":["Masterful Stab","Slice","Poisoned Stab+1"],"picked":"SKIP","floor":39},{"not_picked":["Reflex+1","Noxious Fumes"],"picked":"Prepared+1","floor":41},{"not_picked":["Leg Sweep","Dash"],"picked":"Blur","floor":42},{"not_picked":["Slice","Deadly Poison","Acrobatics"],"picked":"SKIP","floor":42},{"not_picked":["Slice","Deadly Poison"],"picked":"Acrobatics","floor":42},{"not_picked":["Glass Knife+1","Blade Dance+1"],"picked":"Acrobatics","floor":47},{"not_picked":["Backstab+1","Sucker Punch+1","Outmaneuver"],"picked":"SKIP","floor":47},{"not_picked":["Eviscerate+1","Acrobatics"],"picked":"Noxious Fumes+1","floor":55}],"player_experience":1704174,"relics_obtained":[{"floor":8,"key":"Sundial"},{"floor":9,"key":"Akabeko"},{"floor":11,"key":"Odd Mushroom"},{"floor":24,"key":"Gambling Chip"},{"floor":27,"key":"Bag of Preparation"},{"floor":28,"key":"Calipers"},{"floor":28,"key":"Mercury Hourglass"},{"floor":34,"key":"PreservedInsect"},{"floor":34,"key":"InkBottle"},{"floor":34,"key":"Prayer Wheel"},{"floor":41,"key":"Bottled Flame"},{"floor":43,"key":"Molten Egg 2"}],"event_choices":[{"damage_healed":0,"gold_gain":0,"player_choice":"Lose Max HP","damage_taken":0,"relics_obtained":["Golden Idol"],"max_hp_gain":0,"max_hp_loss":6,"event_name":"Golden Idol","floor":2,"gold_loss":0},{"damage_healed":0,"gold_gain":0,"cards_transformed":["Strike_G"],"player_choice":"Change","damage_taken":0,"max_hp_gain":0,"max_hp_loss":0,"event_name":"Living Wall","floor":3,"gold_loss":0,"cards_obtained":["Envenom"]},{"damage_healed":0,"gold_gain":0,"player_choice":"Ignored","damage_taken":0,"max_hp_gain":0,"max_hp_loss":0,"event_name":"Liars Game","floor":5,"gold_loss":0},{"damage_healed":0,"gold_gain":0,"player_choice":"Fought Mushrooms","damage_taken":0,"max_hp_gain":0,"max_hp_loss":0,"event_name":"Mushrooms","floor":11,"gold_loss":0},{"damage_healed":0,"gold_gain":0,"player_choice":"Fight","damage_taken":0,"max_hp_gain":0,"max_hp_loss":0,"event_name":"Colosseum","floor":28,"gold_loss":0},{"damage_healed":0,"gold_gain":0,"player_choice":"Fought Nobs","damage_taken":0,"max_hp_gain":0,"max_hp_loss":0,"event_name":"Colosseum","floor":28,"gold_loss":0},{"damage_healed":0,"gold_gain":0,"player_choice":"Ignored","damage_taken":0,"max_hp_gain":0,"max_hp_loss":0,"event_name":"Ghosts","floor":29,"gold_loss":0},{"damage_healed":0,"gold_gain":0,"player_choice":"Memory 3","damage_taken":10,"max_hp_gain":0,"max_hp_loss":0,"event_name":"SensoryStone","floor":36,"gold_loss":0},{"cards_removed":["Strike_G"],"damage_healed":0,"gold_gain":0,"player_choice":"Upgrade and Remove","damage_taken":0,"max_hp_gain":0,"max_hp_loss":0,"event_name":"Designer","floor":45,"gold_loss":110,"cards_upgraded":["Bouncing Flask"]}],"is_beta":false,"boss_relics":[{"not_picked":["Astrolabe","Black Star"],"picked":"Runic Pyramid"},{"not_picked":["WristBlade","Sozu"],"picked":"Calling Bell"}],"items_purged_floors":[20,22,48,54],"is_endless":false,"potions_floor_spawned":[7,11,13,14,19,21,28,28,33,35,38,42,55],"killed_by":"The Heart","ascension_level":20,"potion_discard_per_floor":[[],[],[],[],[],[],[],[],[],[],[],[],[],["BlessingOfTheForge"],[],[],[],[],[],[],[],[],[],[],[],[],[],[],[],[],[],[],[],[],[],[],[],["Energy Potion"],[],[],[],[],[],[],[],[],[],[],[],[],[],[],[],[],[],[]]}