{"neow_bonuses_skipped_log":["REMOVE_CARD","TEN_PERCENT_HP_BONUS","BOSS_RELIC"],"potions_obtained_entropic_brew":[[],[],[],[],[],[],[],[],[],[],[],[],[],[],[],[],[],[],[],[],[],[],[],[],[],[],[],[],[],[],["PowerPotion","Strength Potion"],[],[],[],[],[],[],[],[],[],[],[],[],[],[],[],[],[],[],[],[],[],[],[],["DuplicationPotion","DuplicationPotion"],[]],"neow_costs_skipped_log":["NONE","NONE","NONE"],"gold_per_floor":[14,14,24,24,40,40,40,56,108,183,225,225,256,100,100,185,185,205,232,232,266,75,75,99,99,99,139,148,175,175,187,187,267,267,291,291,513,80,103,130,130,150,201,236,236,245,245,257,257,257,257,257,257,26,51,51],"floor_reached":56,"playtime":4367,"items_purged":["Strike_G","Strike_G+1","Strike_G+1","Strike_G+1"],"score":1937,"play_id":"b50ce7c7-84d0-4a38-aea1-a7833457831b","local_time":"20230415005353","score_breakdown":["Floors Climbed (56): 280","Enemies Slain (13): 26","Exordium Elites Killed (2): 20","City Elites Killed (1): 20","Beyond Elites Killed (2): 60","Bosses Slain (4): 500","Money Money (1116): 25","Champion (2): 50","Ascension (20): 956"],"is_ascension_mode":true,"potions_obtained_alchemize":[[],[],[],[],[],[],[],[],[],[],[],[],[],[],[],[],[],[],[],[],[],[],[],[],[],[],[],[],[],[],[],[],[],[],[],[],[],[],[],[],[],[],[],[],[],[],[],[],[],[],[],[],[],[],[],[]],"campfire_choices":[{"data":"Predator","floor":6.0,"key":"SMITH"},{"data":"Phantasmal Killer","floor":12.0,"key":"SMITH"},{"data":"Thinking Ahead","floor":15.0,"key":"SMITH"},{"floor":23.0,"key":"REST"},{"floor":25.0,"key":"REST"},{"floor":30.0,"key":"REST"},{"data":"Acrobatics","floor":32.0,"key":"SMITH"},{"data":"Wraith Form v2","floor":41,"key":"SMITH"},{"data":"Well Laid Plans","floor":45,"key":"SMITH"},{"data":"A Thousand Cuts","floor":47,"key":"SMITH"},{"floor":49,"key":"RECALL"},{"floor":53,"key":"REST"}],"lesson_learned_per_floor":[[],[],[],[],[],[],[],[],[],[],[],[],[],[],[],[],[],[],[],[],[],[],[],[],[],[],[],[],[],[],[],[],[],[],[],[],[],[],[],[],[],[],[],[],[],[],[],[],[],[],[],[],[],[],[],[]],"neow_cost":"NO_GOLD","improvable_cards":{},"seed_source_timestamp":245274282717900,"shop_contents":[{"floor":14,"relics":["Bag of Marbles","Boot","TwistedFunnel"],"cards":["Riddle With Holes","Flying Knee","Blade Dance","Infinite Blades","Enlightenment","Magnetism"],"potions":["FearPotion","SkillPotion"]},{"floor":22,"relics":["Mercury Hourglass","Toy Ornithopter","ClockworkSouvenir"],"cards":["Quick Slash","Flying Knee","Crippling Poison","Dodge and Roll","Mind Blast","Panache"],"potions":["CunningPotion","Strength Potion"]},{"floor":38,"relics":["Regal Pillow","Singing Bowl","Medical Kit"],"cards":["Poisoned Stab","Setup","Blind","HandOfGreed"],"potions":["EssenceOfSteel","DistilledChaos"]},{"floor":54,"relics":["Oddly Smooth Stone","Shuriken","Lee\u0027s Waffle"],"cards":["Choke","Poisoned Stab","Catalyst","Bouncing Flask","Accuracy","Apotheosis"],"potions":["Dexterity Potion","AttackPotion","Dexterity Potion"]}],"circlet_count":0,"master_deck":["AscendersBane","Defend_G+1","Defend_G+1","Defend_G+1","Defend_G+1","Defend_G+1","Survivor","Neutralize","Thinking Ahead+1","Endless Agony+1","Dagger Throw","Predator+1","Phantasmal Killer+1","Escape Plan","Glass Knife","PiercingWail","Well Laid Plans+1","Noxious Fumes+1","Escape Plan","Thinking Ahead+1","Acrobatics+1","A Thousand Cuts+1","Acrobatics","Wraith Form v2+1","Terror","Endless Agony","Concentrate","Night Terror","Purity"],"special_seed":0,"potion_use_per_floor":[[],[],[],[],[],[],[],[],[],[],["SteroidPotion"],[],["AttackPotion"],[],[],["DuplicationPotion","SteroidPotion"],[],[],[],[],[],[],[],[],[],[],["ColorlessPotion"],[],[],[],["EssenceOfSteel","EntropicBrew"],[],["PowerPotion","Strength Potion"],[],[],[],[],[],["Regen Potion"],[],[],[],[],["Strength Potion"],[],[],[],[],[],["ColorlessPotion"],[],[],[],[],["EntropicBrew"],["DuplicationPotion","DuplicationPotion"]],"relics":["Ring of the Snake","CeramicFish","Pantograph","Philosopher\u0027s Stone","Red Mask","Letter Opener","Ice Cream","WristBlade","Vajra","Lantern","StrikeDummy","Bag of Preparation"],"potions_floor_usage":[44,50,55,56,56],"damage_taken":[{"damage":4.0,"enemies":"Jaw Worm","floor":1.0,"turns":4.0},{"damage":0.0,"enemies":"Small Slimes","floor":3.0,"turns":4.0},{"damage":0.0,"enemies":"2 Louse","floor":5.0,"turns":2.0},{"damage":9.0,"enemies":"Lots of Slimes","floor":8.0,"turns":4.0},{"damage":20.0,"enemies":"Lagavulin","floor":11.0,"turns":7.0},{"damage":0.0,"enemies":"3 Sentries","floor":13.0,"turns":5.0},{"damage":42.0,"enemies":"The Guardian","floor":16.0,"turns":12.0},{"damage":15.0,"enemies":"Chosen","floor":18.0,"turns":4.0},{"damage":24.0,"enemies":"3 Byrds","floor":19.0,"turns":6.0},{"damage":17.0,"enemies":"Masked Bandits","floor":21.0,"turns":4.0},{"damage":0.0,"enemies":"Centurion and Healer","floor":24.0,"turns":6.0},{"damage":24.0,"enemies":"Book of Stabbing","floor":27.0,"turns":4.0},{"damage":3.0,"enemies":"Shelled Parasite and Fungi","floor":29.0,"turns":3.0},{"damage":0.0,"enemies":"Snecko","floor":31.0,"turns":5.0},{"damage":31.0,"enemies":"Collector","floor":33.0,"turns":6.0},{"damage":6.0,"enemies":"3 Darklings","floor":35.0,"turns":4.0},{"damage":0.0,"enemies":"Orb Walker","floor":39.0,"turns":4.0},{"damage":8,"enemies":"Nemesis","floor":40,"turns":5},{"damage":15,"enemies":"Jaw Worm Horde","floor":42,"turns":3},{"damage":0,"enemies":"Giant Head","floor":44,"turns":6},{"damage":0,"enemies":"Transient","floor":48,"turns":6},{"damage":25,"enemies":"Donu and Deca","floor":50,"turns":7},{"damage":32,"enemies":"Time Eater","floor":51,"turns":11},{"damage":28,"enemies":"Shield and Spear","floor":55,"turns":9},{"damage":135,"enemies":"The Heart","floor":56,"turns":3}],"green_key_taken_log":40,"seed_played":"-779878739747669455","neow_bonus_log":{"cardsObtained":[],"cardsUpgraded":[],"cardsRemoved":[],"cardsTransformed":[],"relicsObtained":[],"maxHpGained":0,"goldGained":0,"damageTaken":0,"goldLost":99,"maxHpLost":0},"potions_obtained":[{"floor":5.0,"key":"Swift Potion"},{"floor":7.0,"key":"SteroidPotion"},{"floor":7.0,"key":"AttackPotion"},{"floor":11.0,"key":"DuplicationPotion"},{"floor":21.0,"key":"SmokeBomb"},{"floor":27.0,"key":"EntropicBrew"},{"floor":29.0,"key":"EssenceOfSteel"},{"floor":33.0,"key":"Strength Potion"},{"floor":40,"key":"EntropicBrew"},{"floor":44,"key":"ColorlessPotion"}],"is_trial":false,"path_per_floor":["M","?","M","?","M","R","?","M","T","?","E","R","E","$","R","B",null,"M","M","?","?","$","R","M","R","T","E","?","M","R","M","R","B",null,"M","?","?","$","M","E","R","M","T","E","R","?","R","M","R","B","B",null,"R","$","E","B"],"character_chosen":"THE_SILENT","basemod:card_modifiers":[null,null,null,null,null,null,null,null,null,null,null,null,null,null,null,null,null,null,null,null,null,null,null,null,null,null,null,null,null],"items_purchased":["Escape Plan","SteroidPotion","Well Laid Plans","ColorlessPotion","Wraith Form v2","Terror","Regen Potion","Endless Agony","Purity"],"campfire_rested":4,"item_purchase_floors":[14,14,22,22,38,38,38,38,54],"current_hp_per_floor":[55,55,55,60,60,60,60,51,51,51,31,31,31,31,31,14,57,42,18,18,1,1,22,22,43,43,19,19,16,37,37,37,31,61,55,55,55,55,69,61,61,46,46,46,46,46,46,46,46,46,39,63,71,71,43,0],"gold":51,"neow_bonus":"RANDOM_COLORLESS_2","is_prod":false,"is_daily":false,"rewards_skipped":[{"floor":48,"relics":[],"potions":["Fire Potion"]}],"chose_seed":false,"campfire_upgraded":7,"win_rate":0,"floor_exit_playtime":[90,110,185,189,220,226,232,427,433,439,524,531,660,783,789,970,1031,1088,1203,1210,1286,1318,1322,1441,1444,1446,1548,1562,1650,1653,1764,1778,2090,2108,2259,2263,2266,2307,2383,2523,2548,2716,2719,2934,2944,2950,2966,3139,3143,3383,3775,3877,3892,3956,4250],"timestamp":1681534433,"blue_key_relic_skipped_log":{"floor":9,"relicID":"Juzu Bracelet"},"path_taken":["M","?","M","?","M","R","?","?","T","?","E","R","E","$","R","BOSS","M","M","?","?","?","R","?","R","T","E","?","M","R","?","R","BOSS","M","?","?","$","M","E","R","M","T","E","R","?","R","M","R","BOSS","BOSS","R","$","E","BOSS"],"build_version":"2022-12-18","purchased_purges":4,"victory":false,"max_hp_per_floor":[66,66,66,71,71,71,71,71,71,71,71,71,71,71,71,71,71,71,71,71,71,71,71,71,71,71,71,71,71,71,71,71,71,71,71,71,71,71,71,71,71,71,71,71,71,71,71,71,71,71,71,71,71,71,71,71],"relic_stats":{"Ice Cream":[75],"counters":[25,134],"CeramicFish":153,"Pantograph":125,"Bag of Preparation":[2],"Letter Opener":[347],"obtain_stats":[{"Ice Cream":27,"Lantern":43,"WristBlade":34,"CeramicFish":11,"Pantograph":13,"Vajra":40,"Philosopher\u0027s Stone":17,"Red Mask":21,"Bag of Preparation":55,"Letter Opener":26,"StrikeDummy":44,"Ring of the Snake":0},{"Ice Cream":12,"Lantern":19,"WristBlade":15,"CeramicFish":5,"Pantograph":6,"Vajra":18,"Philosopher\u0027s Stone":7,"Red Mask":10,"Bag of Preparation":24,"Letter Opener":11,"StrikeDummy":20,"Ring of the Snake":0},{"Ice Cream":62,"Lantern":92,"WristBlade":76,"CeramicFish":21,"Pantograph":26,"Vajra":89,"Philosopher\u0027s Stone":38,"Red Mask":52,"Bag of Preparation":131,"Letter Opener":58,"StrikeDummy":98,"Ring of the Snake":0}],"Ring of the Snake":[51]},"card_choices":[{"not_picked":["Sadistic Nature","Magnetism"],"picked":"Thinking Ahead","floor":0.0},{"not_picked":["Calculated Gamble","Underhanded Strike"],"picked":"Endless Agony","floor":1.0},{"not_picked":["Footwork","Distraction"],"picked":"Dagger Throw","floor":3.0},{"not_picked":["Quick Slash","PiercingWail"],"picked":"Predator","floor":5.0},{"not_picked":["Sucker Punch","Outmaneuver","Flying Knee"],"picked":"SKIP","floor":8.0},{"not_picked":["Slice","Well Laid Plans"],"picked":"Phantasmal Killer","floor":11.0},{"not_picked":["Masterful Stab","Setup","Underhanded Strike"],"picked":"SKIP","floor":13.0},{"not_picked":["Corpse Explosion","Grand Finale"],"picked":"Glass Knife","floor":16.0},{"not_picked":["Deadly Poison+1","Cloak And Dagger","Dagger Throw"],"picked":"SKIP","floor":18.0},{"not_picked":["Backflip","Dodge and Roll"],"picked":"PiercingWail","floor":19.0},{"not_picked":["Dagger Spray","Deadly Poison","Slice"],"picked":"SKIP","floor":21.0},{"not_picked":["Corpse Explosion","Endless Agony"],"picked":"Noxious Fumes+1","floor":24.0},{"not_picked":["Dagger Throw+1","Cloak And Dagger"],"picked":"Escape Plan","floor":27.0},{"not_picked":["Finisher","Dagger Spray"],"picked":"Acrobatics","floor":29.0},{"not_picked":["Deadly Poison","Masterful Stab","Infinite Blades"],"picked":"SKIP","floor":31.0},{"not_picked":["Corpse Explosion","Burst"],"picked":"A Thousand Cuts","floor":33.0},{"not_picked":["PiercingWail","Expertise"],"picked":"Acrobatics","floor":35.0},{"not_picked":["Cloak And Dagger","Backflip"],"picked":"Concentrate","floor":39.0},{"not_picked":["Flechettes","Sucker Punch","Bane"],"picked":"SKIP","floor":40},{"not_picked":["Backflip","Dagger Spray","Eviscerate"],"picked":"SKIP","floor":42},{"not_picked":["Leg Sweep","Blur","Sucker Punch"],"picked":"SKIP","floor":44},{"not_picked":["Terror","Footwork","Dodge and Roll"],"picked":"SKIP","floor":48},{"not_picked":["Flechettes","Accuracy","Predator"],"picked":"SKIP","floor":55}],"player_experience":1787667,"relics_obtained":[{"floor":11.0,"key":"CeramicFish"},{"floor":13.0,"key":"Pantograph"},{"floor":21.0,"key":"Red Mask"},{"floor":26.0,"key":"Letter Opener"},{"floor":27.0,"key":"Ice Cream"},{"floor":40,"key":"Vajra"},{"floor":43,"key":"Lantern"},{"floor":44,"key":"StrikeDummy"},{"floor":55,"key":"Bag of Preparation"}],"event_choices":[{"damage_healed":0.0,"max_hp_gain":0.0,"max_hp_loss":0.0,"gold_gain":0.0,"event_name":"Living Wall","player_choice":"Grow","floor":2.0,"gold_loss":0.0,"damage_taken":0.0,"cards_upgraded":["Endless Agony"]},{"damage_healed":0.0,"max_hp_gain":5.0,"max_hp_loss":0.0,"gold_gain":0.0,"event_name":"Big Fish","player_choice":"Donut","floor":4.0,"gold_loss":0.0,"damage_taken":0.0},{"damage_healed":0.0,"max_hp_gain":0.0,"max_hp_loss":0.0,"gold_gain":0.0,"event_name":"Lab","player_choice":"Got Potions","floor":7.0,"gold_loss":0.0,"damage_taken":0.0},{"damage_healed":0.0,"max_hp_gain":0.0,"max_hp_loss":0.0,"gold_gain":75.0,"event_name":"Golden Wing","player_choice":"Gained Gold","floor":10.0,"gold_loss":0.0,"damage_taken":0.0},{"damage_healed":0.0,"max_hp_gain":0.0,"max_hp_loss":0.0,"gold_gain":0.0,"event_name":"Back to Basics","player_choice":"Simplicity","floor":20.0,"gold_loss":0.0,"damage_taken":0.0,"cards_upgraded":["Strike_G","Strike_G","Strike_G","Strike_G","Defend_G","Defend_G","Defend_G","Defend_G","Defend_G"]},{"damage_healed":0.0,"max_hp_gain":0.0,"max_hp_loss":0.0,"gold_gain":0.0,"event_name":"Masked Bandits","player_choice":"Fought Bandits","floor":21.0,"gold_loss":0.0,"damage_taken":0.0},{"damage_healed":0.0,"max_hp_gain":0.0,"max_hp_loss":0.0,"gold_gain":0.0,"event_name":"Duplicator","player_choice":"Copied","floor":28.0,"gold_loss":0.0,"damage_taken":0.0,"cards_obtained":["Thinking Ahead"]},{"damage_healed":0.0,"max_hp_gain":0.0,"max_hp_loss":0.0,"gold_gain":0.0,"event_name":"Mysterious Sphere","player_choice":"Ignored","floor":36.0,"gold_loss":0.0,"damage_taken":0.0},{"damage_healed":0.0,"max_hp_gain":0.0,"max_hp_loss":0.0,"gold_gain":222.0,"event_name":"Tomb of Lord Red Mask","player_choice":"Wore Mask","floor":37.0,"gold_loss":0.0,"damage_taken":0.0},{"damage_healed":0,"gold_gain":0,"cards_transformed":["Strike_G"],"player_choice":"Transformed","damage_taken":0,"max_hp_gain":0,"max_hp_loss":0,"event_name":"Transmorgrifier","floor":46,"gold_loss":0,"cards_obtained":["Night Terror"]}],"is_beta":false,"boss_relics":[{"not_picked":["HoveringKite","Velvet Choker"],"picked":"Philosopher\u0027s Stone"},{"not_picked":["Snecko Eye","Tiny House"],"picked":"WristBlade"}],"items_purged_floors":[14,22,38,54],"is_endless":false,"potions_floor_spawned":[5,11,21,27,29,33,40,44,48],"killed_by":"The Heart","ascension_level":20,"potion_discard_per_floor":[[],[],[],[],[],[],["Swift Potion"],[],[],[],[],[],[],[],[],[],[],[],[],[],[],[],[],[],[],[],[],[],["SmokeBomb"],[],[],[],[],[],[],[],[],[],[],[],[],[],[],[],[],[],[],[],[],[],[],[],[],[],[],[]]}