{"neow_bonuses_skipped_log":["THREE_ENEMY_KILL","RANDOM_COLORLESS_2","BOSS_RELIC"],"neow_costs_skipped_log":["NONE","CURSE","NONE"],"potions_obtained_entropic_brew":[[],[],[],[],[],[],[],[],[],[],[],[],[],[],[],[]],"gold_per_floor":[118,118,133,146,156,156,183,183,206,235,235,116,116,134,134,134],"floor_reached":16,"playtime":631,"items_purged":["Strike_G"],"score":220,"play_id":"3cf49fd7-92f0-469b-af6c-f7fd4863db4d","local_time":"20230411202602","score_breakdown":["Floors Climbed (16): 80","Enemies Slain (5): 10","Exordium Elites Killed (2): 20","Bosses Slain (0): 0","Ascension (20): 110"],"is_ascension_mode":true,"potions_obtained_alchemize":[[],[],[],[],[],[],[],[],[],[],[],[],[],[],[],["Energy Potion"]],"campfire_choices":[{"floor":6,"key":"REST"},{"floor":8,"key":"REST"},{"data":"Noxious Fumes","floor":15,"key":"SMITH"}],"lesson_learned_per_floor":[[],[],[],[],[],[],[],[],[],[],[],[],[],[],[],[]],"neow_cost":"NONE","improvable_cards":{},"seed_source_timestamp":927101183809200,"shop_contents":[{"floor":12,"relics":["FossilizedHelix","Frozen Egg 2","Chemical X"],"cards":["Dagger Throw","Endless Agony","Dodge and Roll","Prepared","Enlightenment","Thinking Ahead"],"potions":["AttackPotion","Block Potion","FairyPotion"]}],"circlet_count":0,"master_deck":["AscendersBane","Strike_G","Strike_G","Defend_G","Defend_G","Defend_G","Defend_G","Defend_G","Survivor","Neutralize","Slice","Poisoned Stab","Blade Dance","Dagger Throw","Acrobatics","Terror","Acrobatics","Noxious Fumes+1","Venomology"],"potion_use_per_floor":[[],[],[],[],[],[],["PowerPotion"],[],[],["SkillPotion"],[],[],[],[],[],["EssenceOfSteel"]],"relics":["Ring of the Snake","Akabeko","Happy Flower","Nunchaku"],"potions_floor_usage":[7,10,16],"damage_taken":[{"damage":14,"enemies":"Jaw Worm","floor":1,"turns":8},{"damage":0,"enemies":"Cultist","floor":3,"turns":4},{"damage":4,"enemies":"Small Slimes","floor":4,"turns":4},{"damage":12,"enemies":"Exordium Wildlife","floor":5,"turns":6},{"damage":35,"enemies":"Lagavulin","floor":7,"turns":8},{"damage":11,"enemies":"Gremlin Nob","floor":10,"turns":3},{"damage":1,"enemies":"2 Fungi Beasts","floor":14,"turns":4},{"damage":21,"enemies":"The Guardian","floor":16,"turns":9}],"seed_played":"-7785286847836094016","neow_bonus_log":{"cardsObtained":[],"cardsUpgraded":[],"cardsRemoved":["Strike_G"],"cardsTransformed":[],"relicsObtained":[],"maxHpGained":0,"goldGained":0,"damageTaken":0,"goldLost":0,"maxHpLost":0},"potions_obtained":[{"floor":1,"key":"PowerPotion"},{"floor":5,"key":"SkillPotion"},{"floor":10,"key":"EssenceOfSteel"}],"is_trial":false,"path_per_floor":["M","?","M","M","M","R","E","R","T","E","?","$","?","M","R","B"],"character_chosen":"THE_SILENT","basemod:card_modifiers":[null,null,null,null,null,null,null,null,null,null,null,null,null,null,null,null,null,null,null],"items_purchased":["Noxious Fumes"],"campfire_rested":2,"item_purchase_floors":[12],"current_hp_per_floor":[45,45,45,41,29,48,13,32,32,21,21,21,21,20,20,0],"gold":134,"neow_bonus":"REMOVE_CARD","is_prod":false,"is_daily":false,"rewards_skipped":[],"chose_seed":false,"campfire_upgraded":1,"win_rate":0,"floor_exit_playtime":[85,91,124,166,241,246,346,350,353,397,405,429,432,485,492],"timestamp":1681259162,"path_taken":["M","?","M","M","?","R","E","R","T","E","?","?","?","M","R","BOSS"],"build_version":"2022-12-18","purchased_purges":1,"victory":false,"max_hp_per_floor":[66,66,66,66,66,66,66,66,66,66,66,66,66,66,66,66],"relic_stats":{"Nunchaku":[1],"Happy Flower":[5],"counters":[8,46],"obtain_stats":[{"Nunchaku":10,"Happy Flower":9,"Akabeko":7,"Ring of the Snake":0},{"Nunchaku":6,"Happy Flower":5,"Akabeko":5,"Ring of the Snake":0},{"Nunchaku":33,"Happy Flower":30,"Akabeko":30,"Ring of the Snake":0}],"Ring of the Snake":[16]},"card_choices":[{"not_picked":["Deadly Poison","Acrobatics"],"picked":"Slice","floor":1},{"not_picked":["Deadly Poison","Calculated Gamble"],"picked":"Blade Dance","floor":3},{"not_picked":["PiercingWail","Caltrops"],"picked":"Dagger Throw","floor":4},{"not_picked":["Skewer","Distraction"],"picked":"Acrobatics","floor":5},{"not_picked":["Slice","Backflip"],"picked":"Terror","floor":7},{"not_picked":["Prepared","Quick Slash"],"picked":"Acrobatics","floor":10},{"not_picked":["Dodge and Roll","Distraction"],"picked":"Venomology","floor":14}],"player_experience":1703543,"relics_obtained":[{"floor":7,"key":"Akabeko"},{"floor":9,"key":"Happy Flower"},{"floor":10,"key":"Nunchaku"}],"event_choices":[{"damage_healed":0,"gold_gain":0,"cards_transformed":["Strike_G"],"player_choice":"Transformed","damage_taken":0,"max_hp_gain":0,"max_hp_loss":0,"event_name":"Transmorgrifier","floor":2,"gold_loss":0,"cards_obtained":["Poisoned Stab"]},{"damage_healed":0,"gold_gain":0,"player_choice":"Searched \u00270\u0027 times","damage_taken":0,"max_hp_gain":0,"max_hp_loss":0,"event_name":"Dead Adventurer","floor":11,"gold_loss":0},{"damage_healed":0,"gold_gain":0,"player_choice":"Ignored","damage_taken":0,"max_hp_gain":0,"max_hp_loss":0,"event_name":"Liars Game","floor":13,"gold_loss":0}],"is_beta":false,"boss_relics":[],"items_purged_floors":[12],"is_endless":false,"potions_floor_spawned":[1,5,10],"killed_by":"The Guardian","ascension_level":20,"potion_discard_per_floor":[[],[],[],[],[],[],[],[],[],[],[],[],[],[],[],[]]}