{"neow_bonuses_skipped_log":["HUNDRED_GOLD","REMOVE_TWO","BOSS_RELIC"],"neow_costs_skipped_log":["NONE","TEN_PERCENT_HP_LOSS","NONE"],"potions_obtained_entropic_brew":[[],[],[],[],[],[],[]],"gold_per_floor":[114,131,150,150,162,187,187],"floor_reached":7,"playtime":393,"items_purged":[],"score":106,"play_id":"9d6067b0-38e2-4a24-a314-6ac239607e73","local_time":"20230409225149","score_breakdown":["Floors Climbed (7): 35","Enemies Slain (4): 8","Exordium Elites Killed (1): 10","Bosses Slain (0): 0","Ascension (20): 53"],"is_ascension_mode":true,"potions_obtained_alchemize":[[],[],[],[],[],[],[]],"campfire_choices":[],"lesson_learned_per_floor":[[],[],[],[],[],[],[]],"neow_cost":"NONE","improvable_cards":{},"seed_source_timestamp":763284689905800,"shop_contents":[],"circlet_count":0,"master_deck":["AscendersBane","Strike_G","Strike_G","Strike_G","Strike_G","Strike_G","Defend_G","Defend_G","Defend_G","Defend_G","Defend_G","Survivor","Neutralize","Tools of the Trade","Blade Dance+1","Masterful Stab","Backflip","Reflex","Noxious Fumes"],"potion_use_per_floor":[[],[],[],[],[],["SkillPotion","SteroidPotion"],[]],"relics":["Ring of the Snake","Bag of Preparation"],"potions_floor_usage":[6,6],"damage_taken":[{"damage":1,"enemies":"Small Slimes","floor":1,"turns":5},{"damage":4,"enemies":"Cultist","floor":2,"turns":5},{"damage":8,"enemies":"Jaw Worm","floor":3,"turns":4},{"damage":6,"enemies":"Red Slaver","floor":5,"turns":3},{"damage":17,"enemies":"3 Sentries","floor":6,"turns":10},{"damage":24,"enemies":"Gremlin Gang","floor":7,"turns":3}],"seed_played":"2880442612954192307","neow_bonus_log":{"cardsObtained":["Tools of the Trade"],"cardsUpgraded":[],"cardsRemoved":[],"cardsTransformed":[],"relicsObtained":[],"maxHpGained":0,"goldGained":0,"damageTaken":0,"goldLost":0,"maxHpLost":0},"potions_obtained":[{"floor":1,"key":"SkillPotion"},{"floor":3,"key":"SteroidPotion"}],"is_trial":false,"path_per_floor":["M","M","M","?","M","E","M"],"character_chosen":"THE_SILENT","basemod:card_modifiers":[null,null,null,null,null,null,null,null,null,null,null,null,null,null,null,null,null,null,null],"items_purchased":[],"campfire_rested":0,"item_purchase_floors":[],"current_hp_per_floor":[58,54,46,46,40,23,0],"gold":187,"neow_bonus":"ONE_RANDOM_RARE_CARD","is_prod":false,"is_daily":false,"rewards_skipped":[],"chose_seed":false,"campfire_upgraded":0,"win_rate":0,"floor_exit_playtime":[78,130,168,176,211,347],"timestamp":1681095109,"path_taken":["M","M","M","?","?","E","M"],"build_version":"2022-12-18","purchased_purges":0,"victory":false,"max_hp_per_floor":[66,66,66,66,66,66,66],"relic_stats":{"counters":[6,30],"Bag of Preparation":[2],"obtain_stats":[{"Bag of Preparation":6,"Ring of the Snake":0},{"Bag of Preparation":5,"Ring of the Snake":0},{"Bag of Preparation":27,"Ring of the Snake":0}],"Ring of the Snake":[12]},"card_choices":[{"not_picked":["Noxious Fumes","Poisoned Stab"],"picked":"Blade Dance","floor":1},{"not_picked":["Bane","Catalyst"],"picked":"Masterful Stab","floor":2},{"not_picked":["Calculated Gamble","Prepared"],"picked":"Backflip","floor":3},{"not_picked":["Blur","Acrobatics"],"picked":"Reflex","floor":5},{"not_picked":["Escape Plan","Leg Sweep"],"picked":"Noxious Fumes","floor":6}],"player_experience":1675198,"relics_obtained":[{"floor":6,"key":"Bag of Preparation"}],"event_choices":[{"damage_healed":0,"gold_gain":0,"player_choice":"Upgraded","damage_taken":0,"max_hp_gain":0,"max_hp_loss":0,"event_name":"Upgrade Shrine","floor":4,"gold_loss":0,"cards_upgraded":["Blade Dance"]}],"is_beta":false,"boss_relics":[],"items_purged_floors":[],"is_endless":false,"potions_floor_spawned":[1,3],"killed_by":"Gremlin Gang","ascension_level":20,"potion_discard_per_floor":[[],[],[],[],[],[],[]]}