{"neow_bonuses_skipped_log":["THREE_ENEMY_KILL","TWO_FIFTY_GOLD","BOSS_RELIC"],"neow_costs_skipped_log":["NONE","PERCENT_DAMAGE","NONE"],"potions_obtained_entropic_brew":[[],[],[],[],[],[],[],[]],"gold_per_floor":[117,136,217,233,247,247,278,278],"floor_reached":8,"playtime":406,"items_purged":[],"score":116,"play_id":"3a268037-6c33-44b0-af74-f85b7c0696a1","local_time":"20230412153359","score_breakdown":["Floors Climbed (8): 40","Enemies Slain (4): 8","Exordium Elites Killed (1): 10","Bosses Slain (0): 0","Ascension (20): 58"],"is_ascension_mode":true,"potions_obtained_alchemize":[[],[],[],[],[],[],[],[]],"campfire_choices":[{"data":"Flechettes","floor":6,"key":"SMITH"}],"lesson_learned_per_floor":[[],[],[],[],[],[],[],[]],"neow_cost":"NONE","improvable_cards":{},"seed_source_timestamp":42870244670400,"shop_contents":[],"circlet_count":0,"master_deck":["AscendersBane","Strike_G","Strike_G","Strike_G","Strike_G","Strike_G","Defend_G","Defend_G","Defend_G","Defend_G","Survivor","Neutralize","Flying Knee","Flechettes+1","Deadly Poison","Crippling Poison"],"potion_use_per_floor":[[],[],[],[],[],[],["Poison Potion","Swift Potion"],["EssenceOfSteel"]],"relics":["Ring of the Snake","White Beast Statue","Singing Bowl"],"potions_floor_usage":[7,7,8],"damage_taken":[{"damage":0,"enemies":"Cultist","floor":1,"turns":4},{"damage":4,"enemies":"Small Slimes","floor":2,"turns":3},{"damage":1,"enemies":"2 Louse","floor":4,"turns":4},{"damage":2,"enemies":"2 Fungi Beasts","floor":5,"turns":4},{"damage":33,"enemies":"3 Sentries","floor":7,"turns":12},{"damage":22,"enemies":"Large Slime","floor":8,"turns":5}],"green_key_taken_log":7,"seed_played":"5203592852382653713","neow_bonus_log":{"cardsObtained":[],"cardsUpgraded":[],"cardsRemoved":["Defend_G"],"cardsTransformed":[],"relicsObtained":[],"maxHpGained":0,"goldGained":0,"damageTaken":0,"goldLost":0,"maxHpLost":0},"potions_obtained":[{"floor":1,"key":"Swift Potion"},{"floor":4,"key":"SpeedPotion"},{"floor":5,"key":"Poison Potion"},{"floor":7,"key":"EssenceOfSteel"}],"is_trial":false,"path_per_floor":["M","M","T","M","M","R","E","M"],"character_chosen":"THE_SILENT","basemod:card_modifiers":[null,null,null,null,null,null,null,null,null,null,null,null,null,null,null,null],"items_purchased":[],"campfire_rested":0,"item_purchase_floors":[],"current_hp_per_floor":[59,55,55,54,52,52,21,0],"gold":278,"neow_bonus":"REMOVE_CARD","is_prod":false,"is_daily":false,"rewards_skipped":[],"chose_seed":false,"campfire_upgraded":1,"win_rate":0,"floor_exit_playtime":[69,99,103,150,210,216,347],"timestamp":1681328039,"path_taken":["M","M","?","M","M","R","E","M"],"build_version":"2022-12-18","purchased_purges":0,"victory":false,"max_hp_per_floor":[66,66,66,66,66,66,68,68],"relic_stats":{"Singing Bowl":2,"counters":[6,32],"obtain_stats":[{"Singing Bowl":7,"White Beast Statue":3,"Ring of the Snake":0},{"Singing Bowl":5,"White Beast Statue":2,"Ring of the Snake":0},{"Singing Bowl":27,"White Beast Statue":7,"Ring of the Snake":0}],"White Beast Statue":[0.0,0.024000000000000007,0.0,0.32800000000000007,0.0,0.5280000000000001,0.0,0.12000000000000002,0.0,0.0,0.0,1.2560000000000002],"Ring of the Snake":[12]},"card_choices":[{"not_picked":["Endless Agony","Bane"],"picked":"Flying Knee","floor":1},{"not_picked":["Dodge and Roll","Cloak And Dagger"],"picked":"Flechettes","floor":2},{"not_picked":["Calculated Gamble","Caltrops"],"picked":"Deadly Poison","floor":4},{"not_picked":["Deadly Poison","Well Laid Plans"],"picked":"Crippling Poison","floor":5},{"not_picked":["Sucker Punch","A Thousand Cuts","Deadly Poison"],"picked":"Singing Bowl","floor":7}],"player_experience":1725300,"relics_obtained":[{"floor":3,"key":"White Beast Statue"},{"floor":7,"key":"Singing Bowl"}],"event_choices":[],"is_beta":false,"boss_relics":[],"items_purged_floors":[],"is_endless":false,"potions_floor_spawned":[1,4,5,7],"killed_by":"Large Slime","ascension_level":20,"potion_discard_per_floor":[[],[],[],[],["SpeedPotion"],[],[],[]]}