{"neow_bonuses_skipped_log":["THREE_CARDS","TWENTY_PERCENT_HP_BONUS","BOSS_RELIC"],"potions_obtained_entropic_brew":[[],[],[],[],[],[],[]],"neow_costs_skipped_log":["NONE","PERCENT_DAMAGE","NONE"],"gold_per_floor":[110,126,140,140,157,157,157],"floor_reached":7,"playtime":336,"items_purged":[],"score":86,"play_id":"efb0268b-3de1-48f5-b1b5-209ba763d045","local_time":"20230411234033","score_breakdown":["Floors Climbed (7): 35","Enemies Slain (4): 8","Exordium Elites Killed (0): 0","Bosses Slain (0): 0","Ascension (20): 43"],"is_ascension_mode":true,"potions_obtained_alchemize":[[],[],[],[],[],[],[]],"campfire_choices":[{"floor":6,"key":"REST"}],"lesson_learned_per_floor":[[],[],[],[],[],[],[]],"neow_cost":"NONE","improvable_cards":{},"seed_source_timestamp":939066987242900,"shop_contents":[],"circlet_count":0,"master_deck":["AscendersBane","Strike_G","Strike_G","Strike_G","Strike_G","Strike_G","Defend_G","Defend_G","Defend_G","Defend_G","Survivor","Neutralize","Noxious Fumes","Flying Knee","Outmaneuver","Blade Dance"],"potion_use_per_floor":[[],[],[],[],[],[],["FearPotion"]],"relics":["Ring of the Snake","Art of War"],"potions_floor_usage":[7],"damage_taken":[{"damage":14,"enemies":"Small Slimes","floor":1,"turns":6},{"damage":7,"enemies":"Jaw Worm","floor":2,"turns":5},{"damage":1,"enemies":"Cultist","floor":3,"turns":3},{"damage":30,"enemies":"Large Slime","floor":5,"turns":9},{"damage":29,"enemies":"Gremlin Nob","floor":7,"turns":3}],"seed_played":"-5542905630487559328","neow_bonus_log":{"cardsObtained":[],"cardsUpgraded":[],"cardsRemoved":[],"cardsTransformed":[],"relicsObtained":["Art of War"],"maxHpGained":0,"goldGained":0,"damageTaken":0,"goldLost":0,"maxHpLost":0},"potions_obtained":[{"floor":3,"key":"FearPotion"},{"floor":5,"key":"Dexterity Potion"}],"is_trial":false,"path_per_floor":["M","M","M","?","M","R","E"],"character_chosen":"THE_SILENT","basemod:card_modifiers":[null,null,null,null,null,null,null,null,null,null,null,null,null,null,null,null],"items_purchased":[],"campfire_rested":1,"item_purchase_floors":[],"current_hp_per_floor":[45,38,37,37,7,26,0],"gold":157,"neow_bonus":"RANDOM_COMMON_RELIC","is_prod":false,"is_daily":false,"rewards_skipped":[],"chose_seed":false,"campfire_upgraded":0,"win_rate":0,"floor_exit_playtime":[97,157,190,204,304,308],"timestamp":1681270833,"path_taken":["M","M","M","?","M","R","E"],"build_version":"2022-12-18","purchased_purges":0,"victory":false,"max_hp_per_floor":[66,66,66,66,66,66,66],"relic_stats":{"counters":[5,26],"Art of War":[1],"obtain_stats":[{"Art of War":0,"Ring of the Snake":0},{"Art of War":0,"Ring of the Snake":0},{"Art of War":0,"Ring of the Snake":0}],"Ring of the Snake":[10]},"card_choices":[{"not_picked":["Deadly Poison","Expertise"],"picked":"Noxious Fumes","floor":1},{"not_picked":["Skewer","Backflip"],"picked":"Flying Knee","floor":2},{"not_picked":["Deadly Poison","Prepared","Blur"],"picked":"SKIP","floor":3},{"not_picked":["Flying Knee","Well Laid Plans"],"picked":"Blade Dance","floor":5}],"player_experience":1711885,"relics_obtained":[],"event_choices":[{"damage_healed":0,"gold_gain":0,"cards_transformed":["Defend_G"],"player_choice":"Change","damage_taken":0,"max_hp_gain":0,"max_hp_loss":0,"event_name":"Living Wall","floor":4,"gold_loss":0,"cards_obtained":["Outmaneuver"]}],"is_beta":false,"boss_relics":[],"items_purged_floors":[],"is_endless":false,"potions_floor_spawned":[3,5],"killed_by":"Gremlin Nob","ascension_level":20,"potion_discard_per_floor":[[],[],[],[],[],[],[]]}