{"neow_bonuses_skipped_log":["REMOVE_CARD","TRANSFORM_TWO_CARDS","BOSS_RELIC"],"potions_obtained_entropic_brew":[[],[],[],[],[],[],[],[],[],[],[],[],[],[],[],[]],"neow_costs_skipped_log":["NONE","PERCENT_DAMAGE","NONE"],"gold_per_floor":[218,143,143,143,159,179,179,206,229,229,229,245,45,62,62,62],"floor_reached":16,"playtime":439,"items_purged":["Defend_G"],"score":200,"play_id":"0a7048d2-1782-4724-b481-b4ba812e752f","local_time":"20230413095531","score_breakdown":["Floors Climbed (16): 80","Enemies Slain (5): 10","Exordium Elites Killed (1): 10","Bosses Slain (0): 0","Ascension (20): 100"],"is_ascension_mode":true,"potions_obtained_alchemize":[[],[],[],[],[],[],[],[],[],[],[],[],[],[],[],[]],"campfire_choices":[{"data":"Dagger Spray","floor":7,"key":"SMITH"},{"floor":11,"key":"REST"},{"data":"Masterful Stab","floor":15,"key":"SMITH"}],"lesson_learned_per_floor":[[],[],[],[],[],[],[],[],[],[],[],[],[],[],[],[]],"neow_cost":"NONE","improvable_cards":{},"seed_source_timestamp":108928524489600,"shop_contents":[{"floor":2,"relics":["Pantograph","Blue Candle","Lee\u0027s Waffle"],"cards":["Bane","Slice","Dodge and Roll","Backflip","Infinite Blades","Forethought","Mayhem"],"potions":["Poison Potion","Fruit Juice","LiquidBronze"]},{"floor":13,"relics":["Dream Catcher","Ice Cream"],"cards":["Flechettes","Crippling Poison","Deadly Poison","Accuracy","Deep Breath","HandOfGreed"],"potions":["SneckoOil","FearPotion","BlessingOfTheForge"]}],"circlet_count":0,"master_deck":["AscendersBane","Strike_G","Strike_G","Strike_G","Strike_G","Strike_G","Defend_G","Defend_G","Defend_G","Defend_G","Survivor","Neutralize","Dagger Spray+1","Dagger Throw+1","Well Laid Plans","Masterful Stab+1","Backstab","Acrobatics"],"potion_use_per_floor":[[],[],[],[],[],[],[],[],[],[],[],[],[],[],[],["Block Potion","GamblersBrew"]],"relics":["Ring of the Snake","Lantern","PreservedInsect","Membership Card"],"potions_floor_usage":[16,16],"damage_taken":[{"damage":1,"enemies":"Small Slimes","floor":1,"turns":7},{"damage":3,"enemies":"2 Louse","floor":5,"turns":3},{"damage":1,"enemies":"Cultist","floor":6,"turns":3},{"damage":46,"enemies":"Gremlin Nob","floor":8,"turns":5},{"damage":0,"enemies":"Lots of Slimes","floor":12,"turns":4},{"damage":0,"enemies":"Looter","floor":14,"turns":2},{"damage":36,"enemies":"Slime Boss","floor":16,"turns":7}],"seed_played":"-5982443308424176274","neow_bonus_log":{"cardsObtained":[],"cardsUpgraded":[],"cardsRemoved":[],"cardsTransformed":[],"relicsObtained":[],"maxHpGained":0,"goldGained":100,"damageTaken":0,"goldLost":0,"maxHpLost":0},"potions_obtained":[{"floor":8,"key":"Block Potion"},{"floor":12,"key":"GamblersBrew"}],"is_trial":false,"path_per_floor":["M","$","?","?","M","M","R","E","T","?","R","M","$","M","R","B"],"character_chosen":"THE_SILENT","basemod:card_modifiers":[null,null,null,null,null,null,null,null,null,null,null,null,null,null,null,null,null,null],"items_purchased":["Membership Card","Backstab"],"campfire_rested":1,"item_purchase_floors":[13,13],"current_hp_per_floor":[58,58,58,63,60,59,59,13,13,13,34,34,34,34,34,0],"gold":62,"neow_bonus":"HUNDRED_GOLD","is_prod":false,"is_daily":false,"rewards_skipped":[],"chose_seed":false,"campfire_upgraded":2,"win_rate":0,"floor_exit_playtime":[67,99,103,105,133,158,164,204,207,212,215,262,280,314,332],"timestamp":1681394131,"path_taken":["M","$","?","?","M","M","R","E","T","?","R","?","$","M","R","BOSS"],"build_version":"2022-12-18","purchased_purges":1,"victory":false,"max_hp_per_floor":[66,66,66,71,71,71,71,71,71,71,71,71,71,71,71,71],"relic_stats":{"counters":[7,31],"PreservedInsect":0,"Membership Card":39,"obtain_stats":[{"Lantern":8,"PreservedInsect":9,"Membership Card":13,"Ring of the Snake":0},{"Lantern":4,"PreservedInsect":4,"Membership Card":5,"Ring of the Snake":0},{"Lantern":18,"PreservedInsect":18,"Membership Card":22,"Ring of the Snake":0}],"Ring of the Snake":[14]},"card_choices":[{"not_picked":["Sucker Punch","Prepared"],"picked":"Dagger Spray","floor":1},{"not_picked":["Choke","Caltrops"],"picked":"Dagger Throw","floor":5},{"not_picked":["PiercingWail","Poisoned Stab","Deadly Poison"],"picked":"SKIP","floor":6},{"not_picked":["Flechettes","Prepared"],"picked":"Well Laid Plans","floor":8},{"not_picked":["Choke","Slice"],"picked":"Masterful Stab","floor":12},{"not_picked":["Outmaneuver","Sucker Punch"],"picked":"Acrobatics","floor":14}],"player_experience":1747140,"relics_obtained":[{"floor":8,"key":"Lantern"},{"floor":9,"key":"PreservedInsect"}],"event_choices":[{"damage_healed":0,"gold_gain":0,"player_choice":"Ignored","damage_taken":0,"max_hp_gain":0,"max_hp_loss":0,"event_name":"Liars Game","floor":3,"gold_loss":0},{"damage_healed":0,"gold_gain":0,"player_choice":"Donut","damage_taken":0,"max_hp_gain":5,"max_hp_loss":0,"event_name":"Big Fish","floor":4,"gold_loss":0},{"damage_healed":0,"gold_gain":0,"player_choice":"Upgraded","damage_taken":0,"max_hp_gain":0,"max_hp_loss":0,"event_name":"Upgrade Shrine","floor":10,"gold_loss":0,"cards_upgraded":["Dagger Throw"]}],"is_beta":false,"boss_relics":[],"items_purged_floors":[2],"is_endless":false,"potions_floor_spawned":[8,12],"killed_by":"Slime Boss","ascension_level":20,"potion_discard_per_floor":[[],[],[],[],[],[],[],[],[],[],[],[],[],[],[],[]]}