{"neow_bonuses_skipped_log":["REMOVE_CARD","HUNDRED_GOLD","BOSS_RELIC"],"potions_obtained_entropic_brew":[[],[],[],[],[],[],[],[],[],[],[],[],[],[],[],[],[],[],[],[],[],[],[],[],[]],"neow_costs_skipped_log":["NONE","NONE","NONE"],"gold_per_floor":[14,27,27,48,48,87,87,105,105,30,30,30,30,105,105,199,199,222,222,222,142,161,186,186,186],"floor_reached":25,"playtime":1059,"items_purged":["Strike_G"],"score":438,"play_id":"c1826e4c-5fd9-4e4b-92cd-a02092fa4452","local_time":"20230413102429","score_breakdown":["Floors Climbed (25): 125","Enemies Slain (7): 14","Exordium Elites Killed (1): 10","City Elites Killed (1): 20","Bosses Slain (1): 50","Ascension (20): 219"],"is_ascension_mode":true,"potions_obtained_alchemize":[[],[],[],[],[],[],[],[],[],[],[],[],[],[],[],[],[],["AttackPotion","SmokeBomb"],[],[],["SkillPotion"],["DuplicationPotion","Strength Potion"],["Swift Potion","GamblersBrew"],[],["AttackPotion","Dexterity Potion"]],"campfire_choices":[{"floor":7,"key":"REST"},{"data":"Predator","floor":12,"key":"SMITH"},{"floor":15,"key":"REST"},{"floor":24,"key":"REST"}],"lesson_learned_per_floor":[[],[],[],[],[],[],[],[],[],[],[],[],[],[],[],[],[],[],[],[],[],[],[],[],[]],"neow_cost":"NO_GOLD","improvable_cards":{},"seed_source_timestamp":110042042266900,"shop_contents":[{"floor":10,"relics":["Eternal Feather","Blood Vial","Strange Spoon"],"cards":["Poisoned Stab","Dagger Throw","Cloak And Dagger","Backflip","Caltrops","Dark Shackles","Sadistic Nature"],"potions":["Explosive Potion","DistilledChaos","Fire Potion"]},{"floor":13,"relics":["Toxic Egg 2","Dead Branch","ClockworkSouvenir"],"cards":["Skewer","Dagger Throw","Crippling Poison","Outmaneuver","Well Laid Plans","Mind Blast","Secret Weapon"],"potions":["Swift Potion","Block Potion","LiquidBronze"]}],"circlet_count":0,"master_deck":["AscendersBane","Defend_G","Defend_G","Defend_G","Defend_G","Survivor","Neutralize","Predator+1","Doppelganger","Slice","Blade Dance","Calculated Gamble","Venomology","Underhanded Strike+1","Venomology+1","Well Laid Plans+1","Deflect","Die Die Die"],"potion_use_per_floor":[[],[],[],[],[],["LiquidMemories"],[],[],[],[],[],[],[],[],[],["CultistPotion"],[],["AttackPotion"],[],[],["SkillPotion","SmokeBomb"],["DuplicationPotion"],["Strength Potion","Swift Potion","GamblersBrew"],[],["Dexterity Potion","AttackPotion"]],"relics":["Ring of the Snake","Bloody Idol","Tiny Chest","Kunai","Matryoshka","Astrolabe","Regal Pillow","Lizard Tail","Question Card"],"potions_floor_usage":[6,16,18,21,21,22,23,23,23,25,25],"damage_taken":[{"damage":0,"enemies":"Small Slimes","floor":1,"turns":3},{"damage":0,"enemies":"2 Louse","floor":2,"turns":2},{"damage":4,"enemies":"Jaw Worm","floor":4,"turns":3},{"damage":21,"enemies":"Gremlin Nob","floor":6,"turns":4},{"damage":1,"enemies":"2 Fungi Beasts","floor":8,"turns":4},{"damage":12,"enemies":"The Guardian","floor":16,"turns":10},{"damage":0,"enemies":"3 Byrds","floor":18,"turns":7},{"damage":8,"enemies":"2 Thieves","floor":21,"turns":3},{"damage":43,"enemies":"Shelled Parasite and Fungi","floor":22,"turns":5},{"damage":27,"enemies":"Gremlin Leader","floor":23,"turns":7},{"damage":52,"enemies":"Book of Stabbing","floor":25,"turns":8}],"seed_played":"7117422920069933200","neow_bonus_log":{"cardsObtained":["Predator","Doppelganger"],"cardsUpgraded":[],"cardsRemoved":[],"cardsTransformed":["Strike_G","Defend_G"],"relicsObtained":[],"maxHpGained":0,"goldGained":0,"damageTaken":0,"goldLost":99,"maxHpLost":0},"potions_obtained":[{"floor":1,"key":"LiquidMemories"},{"floor":8,"key":"CultistPotion"}],"is_trial":false,"path_per_floor":["M","M","?","M","?","E","R","M","T","$","?","R","$","?","R","B",null,"M","T","?","M","M","E","R","E"],"character_chosen":"THE_SILENT","basemod:card_modifiers":[null,null,null,null,null,null,null,null,null,null,null,null,null,null,null,null,null,null],"items_purchased":[],"campfire_rested":3,"item_purchase_floors":[],"current_hp_per_floor":[59,59,59,55,37,16,34,33,33,33,33,33,33,22,40,28,52,52,52,52,44,6,17,50,0],"gold":186,"neow_bonus":"TRANSFORM_TWO_CARDS","is_prod":false,"is_daily":false,"rewards_skipped":[],"chose_seed":false,"campfire_upgraded":1,"win_rate":0,"floor_exit_playtime":[55,104,108,149,157,199,203,246,249,266,273,282,296,299,301,400,428,559,579,587,641,759,918,922],"timestamp":1681395869,"path_taken":["M","M","?","M","?","E","R","M","T","$","?","R","?","?","R","BOSS","M","?","?","M","M","E","R","E"],"build_version":"2022-12-18","purchased_purges":1,"victory":false,"max_hp_per_floor":[66,66,60,60,60,60,60,60,60,60,60,60,60,60,60,60,60,60,60,60,60,60,60,60,60],"relic_stats":{"Regal Pillow":15,"Lizard Tail":30,"Matryoshka":1,"counters":[11,56],"Bloody Idol":10,"Astrolabe":["Underhanded Strike","Venomology","Well Laid Plans"],"Tiny Chest":1,"Kunai":[29],"Question Card":0,"obtain_stats":[{"Regal Pillow":19,"Lizard Tail":19,"Matryoshka":9,"Golden Idol":3,"Astrolabe":17,"Bloody Idol":20,"Tiny Chest":5,"Kunai":6,"Question Card":23,"Ring of the Snake":0},{"Regal Pillow":7,"Lizard Tail":7,"Matryoshka":5,"Golden Idol":2,"Astrolabe":6,"Bloody Idol":7,"Tiny Chest":3,"Kunai":4,"Question Card":10,"Ring of the Snake":0},{"Regal Pillow":33,"Lizard Tail":33,"Matryoshka":16,"Golden Idol":5,"Astrolabe":26,"Bloody Idol":33,"Tiny Chest":8,"Kunai":12,"Question Card":48,"Ring of the Snake":0}],"Ring of the Snake":[22]},"card_choices":[{"not_picked":["Cloak And Dagger","Underhanded Strike"],"picked":"Slice","floor":1},{"not_picked":["Underhanded Strike","Skewer","Concentrate"],"picked":"SKIP","floor":2},{"not_picked":["Concentrate","Blur","Prepared"],"picked":"SKIP","floor":4},{"not_picked":["Tactician","Envenom"],"picked":"Blade Dance","floor":6},{"not_picked":["Underhanded Strike","Dagger Spray"],"picked":"Calculated Gamble","floor":8},{"not_picked":["Corpse Explosion","Night Terror"],"picked":"Venomology","floor":16},{"not_picked":["Infinite Blades","PiercingWail","Poisoned Stab"],"picked":"SKIP","floor":18},{"not_picked":["Catalyst+1","Dodge and Roll"],"picked":"Deflect","floor":22},{"not_picked":["Accuracy","Flying Knee"],"picked":"Die Die Die","floor":23}],"player_experience":1748230,"relics_obtained":[{"floor":6,"key":"Kunai"},{"floor":9,"key":"Matryoshka"},{"floor":19,"key":"Regal Pillow"},{"floor":19,"key":"Lizard Tail"},{"floor":23,"key":"Question Card"}],"event_choices":[{"damage_healed":0,"gold_gain":0,"player_choice":"Lose Max HP","damage_taken":0,"relics_obtained":["Golden Idol"],"max_hp_gain":0,"max_hp_loss":6,"event_name":"Golden Idol","floor":3,"gold_loss":0},{"damage_healed":0,"gold_gain":0,"player_choice":"Success","damage_taken":18,"relics_obtained":["Tiny Chest"],"max_hp_gain":0,"max_hp_loss":0,"event_name":"Scrap Ooze","floor":5,"gold_loss":0},{"damage_healed":0,"gold_gain":0,"player_choice":"Ignored","damage_taken":0,"max_hp_gain":0,"max_hp_loss":0,"event_name":"Liars Game","floor":11,"gold_loss":0},{"damage_healed":0,"gold_gain":75,"player_choice":"Gather Gold","damage_taken":11,"max_hp_gain":0,"max_hp_loss":0,"event_name":"World of Goop","floor":14,"gold_loss":0},{"damage_healed":0,"gold_gain":0,"player_choice":"Gave Idol","damage_taken":0,"relics_obtained":["Bloody Idol"],"max_hp_gain":0,"max_hp_loss":0,"event_name":"Forgotten Altar","floor":20,"relics_lost":["Golden Idol"],"gold_loss":0}],"is_beta":false,"boss_relics":[{"not_picked":["Coffee Dripper","WristBlade"],"picked":"Astrolabe"}],"items_purged_floors":[10],"is_endless":false,"potions_floor_spawned":[1,8,21],"killed_by":"Book of Stabbing","ascension_level":20,"potion_discard_per_floor":[[],[],[],[],[],[],[],[],[],[],[],[],[],[],[],[],[],[],[],[],[],[],[],[],[]]}