{"neow_bonuses_skipped_log":["UPGRADE_CARD","TEN_PERCENT_HP_BONUS","BOSS_RELIC"],"potions_obtained_entropic_brew":[[],[],[],[],[],[],[],[],[],[],[],[]],"neow_costs_skipped_log":["NONE","NONE","NONE"],"gold_per_floor":[156,211,211,241,312,312,360,360,360,436,436,436],"floor_reached":12,"playtime":343,"items_purged":[],"score":156,"play_id":"01bd889e-c8f7-49d2-b6cb-66534d8e3144","local_time":"20230409075845","score_breakdown":["Floors Climbed (12): 60","Enemies Slain (4): 8","Exordium Elites Killed (1): 10","Bosses Slain (0): 0","Ascension (20): 78"],"is_ascension_mode":true,"potions_obtained_alchemize":[[],[],[],[],[],[],[],[],[],[],[],[]],"campfire_choices":[{"floor":6,"key":"REST"},{"floor":8,"key":"REST"}],"lesson_learned_per_floor":[[],[],[],[],[],[],[],[],[],[],[],[]],"neow_cost":"PERCENT_DAMAGE","improvable_cards":{},"seed_source_timestamp":709751291943400,"shop_contents":[],"circlet_count":0,"master_deck":["AscendersBane","Strike_G","Strike_G","Strike_G","Strike_G","Strike_G","Defend_G","Defend_G","Defend_G","Defend_G","Defend_G","Survivor","Neutralize","HandOfGreed","Slice","Deflect","Calculated Gamble","Cloak And Dagger","Slice+1"],"potion_use_per_floor":[[],[],[],[],[],[],["PowerPotion"],[],[],[],[],["ColorlessPotion"]],"relics":["Ring of the Snake","Molten Egg 2","Tingsha","Ginger"],"potions_floor_usage":[7,12],"damage_taken":[{"damage":7,"enemies":"Small Slimes","floor":1,"turns":4},{"damage":0,"enemies":"2 Louse","floor":2,"turns":4},{"damage":3,"enemies":"Jaw Worm","floor":4,"turns":4},{"damage":8,"enemies":"Gremlin Gang","floor":5,"turns":9},{"damage":30,"enemies":"Gremlin Nob","floor":7,"turns":4},{"damage":23,"enemies":"Lagavulin","floor":12,"turns":8}],"seed_played":"-1686128442110655142","neow_bonus_log":{"cardsObtained":[],"cardsUpgraded":[],"cardsRemoved":[],"cardsTransformed":[],"relicsObtained":[],"maxHpGained":0,"goldGained":0,"damageTaken":15,"goldLost":0,"maxHpLost":0},"potions_obtained":[{"floor":1,"key":"PowerPotion"},{"floor":7,"key":"ColorlessPotion"}],"is_trial":false,"path_per_floor":["M","M","?","M","M","R","E","R","T","?","?","E"],"character_chosen":"THE_SILENT","basemod:card_modifiers":[null,null,null,null,null,null,null,null,null,null,null,null,null,null,null,null,null,null,null],"items_purchased":[],"campfire_rested":2,"item_purchase_floors":[],"current_hp_per_floor":[37,37,26,23,15,34,4,23,23,23,23,0],"gold":436,"neow_bonus":"RANDOM_COLORLESS_2","is_prod":false,"is_daily":false,"rewards_skipped":[],"chose_seed":false,"campfire_upgraded":0,"win_rate":0,"floor_exit_playtime":[48,88,93,124,223,226,269,273,276,281,284],"timestamp":1681041525,"path_taken":["M","M","?","M","M","R","E","R","T","?","?","E"],"build_version":"2022-12-18","purchased_purges":0,"victory":false,"max_hp_per_floor":[66,66,66,66,66,66,66,66,66,66,66,66],"relic_stats":{"counters":[6,33],"Tingsha":[7],"Ginger":[0],"obtain_stats":[{"Molten Egg 2":3,"Tingsha":7,"Ginger":9,"Ring of the Snake":0},{"Molten Egg 2":2,"Tingsha":5,"Ginger":5,"Ring of the Snake":0},{"Molten Egg 2":8,"Tingsha":25,"Ginger":25,"Ring of the Snake":0}],"Ring of the Snake":[12]},"card_choices":[{"not_picked":["Secret Technique","Panache"],"picked":"HandOfGreed","floor":0},{"not_picked":["Deflect","Bane"],"picked":"Slice","floor":1},{"not_picked":["Poisoned Stab","Prepared"],"picked":"Deflect","floor":2},{"not_picked":["Tactician","PiercingWail"],"picked":"Calculated Gamble","floor":4},{"not_picked":["Distraction","Prepared"],"picked":"Cloak And Dagger","floor":5},{"not_picked":["Deadly Poison","Flying Knee+1"],"picked":"Slice+1","floor":7}],"player_experience":1664337,"relics_obtained":[{"floor":7,"key":"Tingsha"},{"floor":9,"key":"Ginger"}],"event_choices":[{"damage_healed":0,"gold_gain":0,"player_choice":"Success","damage_taken":11,"relics_obtained":["Molten Egg 2"],"max_hp_gain":0,"max_hp_loss":0,"event_name":"Scrap Ooze","floor":3,"gold_loss":0},{"damage_healed":0,"gold_gain":76,"player_choice":"Gained Gold","damage_taken":0,"max_hp_gain":0,"max_hp_loss":0,"event_name":"Golden Wing","floor":10,"gold_loss":0},{"damage_healed":0,"gold_gain":0,"player_choice":"Searched \u00270\u0027 times","damage_taken":0,"max_hp_gain":0,"max_hp_loss":0,"event_name":"Dead Adventurer","floor":11,"gold_loss":0}],"is_beta":false,"boss_relics":[],"items_purged_floors":[],"is_endless":false,"potions_floor_spawned":[1,7],"killed_by":"Lagavulin","ascension_level":20,"potion_discard_per_floor":[[],[],[],[],[],[],[],[],[],[],[],[]]}