{"neow_bonuses_skipped_log":["TEN_PERCENT_HP_BONUS","REMOVE_TWO","BOSS_RELIC"],"neow_costs_skipped_log":["NONE","PERCENT_DAMAGE","NONE"],"potions_obtained_entropic_brew":[[],[],[],[],[],[],[],[],[],[],[],[],[],[],[],[],[],[],[],[],[],[],[],[],[],[],[],[],[],[],[],[],[]],"gold_per_floor":[109,109,128,141,159,159,187,187,187,204,214,230,257,270,270,348,348,365,415,427,454,25,56,56,82,109,109,119,119,17,31,31,31],"floor_reached":33,"playtime":1588,"items_purged":["Strike_G"],"score":648,"play_id":"bf542a8e-fa58-485a-a668-d9ed1d73b5c7","local_time":"20230412130355","score_breakdown":["Floors Climbed (33): 165","Enemies Slain (12): 24","Exordium Elites Killed (2): 20","City Elites Killed (2): 40","Bosses Slain (1): 50","Champion (1): 25","Ascension (20): 324"],"is_ascension_mode":true,"potions_obtained_alchemize":[[],[],[],[],[],[],[],[],[],[],[],[],[],[],[],[],[],[],[],[],[],[],[],[],[],[],[],[],[],[],[],[],[]],"campfire_choices":[{"data":"All Out Attack","floor":6,"key":"SMITH"},{"floor":8,"key":"REST"},{"data":"Footwork","floor":15,"key":"SMITH"},{"floor":24,"key":"REST"},{"floor":27,"key":"REST"},{"data":"After Image","floor":29,"key":"SMITH"},{"data":"Calculated Gamble","floor":32,"key":"SMITH"}],"lesson_learned_per_floor":[[],[],[],[],[],[],[],[],[],[],[],[],[],[],[],[],[],[],[],[],[],[],[],[],[],[],[],[],[],[],[],[],[]],"neow_cost":"NONE","improvable_cards":{},"seed_source_timestamp":32683556162200,"shop_contents":[{"floor":22,"relics":["Lantern","TheAbacus"],"cards":["Dagger Spray","Finisher","Night Terror","Cloak And Dagger","Finesse","HandOfGreed"],"potions":["BlessingOfTheForge","CultistPotion","CunningPotion"]},{"floor":30,"relics":["The Specimen","Matryoshka","Lee\u0027s Waffle"],"cards":["Underhanded Strike","Backstab","Backflip","Wraith Form v2","Flash of Steel","Violence"],"potions":["Weak Potion","Weak Potion"]}],"circlet_count":0,"master_deck":["AscendersBane","Strike_G","Strike_G","Strike_G","Defend_G","Defend_G","Defend_G","Defend_G","Defend_G","Survivor","Neutralize","Dagger Spray","All Out Attack+1","Backflip","Storm of Steel","Slice","After Image+1","Backstab","Blade Dance","Footwork+1","Die Die Die","Dodge and Roll","Prepared+1","Footwork","Terror","Calculated Gamble+1"],"potion_use_per_floor":[[],[],[],[],[],[],["SpeedPotion","Block Potion"],[],[],[],[],[],["BlessingOfTheForge"],[],[],["FearPotion"],[],[],[],[],[],[],["PowerPotion"],[],["Poison Potion"],[],[],[],[],[],[],[],["Swift Potion"]],"relics":["Ring of the Snake","Ninja Scroll","Mummified Hand","StrikeDummy","HoveringKite","Red Mask","InkBottle","Anchor","Orichalcum","Bag of Marbles"],"potions_floor_usage":[7,7,13,16,23,25,33],"damage_taken":[{"damage":0,"enemies":"2 Louse","floor":1,"turns":3},{"damage":0,"enemies":"Cultist","floor":3,"turns":4},{"damage":0,"enemies":"Small Slimes","floor":4,"turns":3},{"damage":6,"enemies":"Red Slaver","floor":5,"turns":6},{"damage":37,"enemies":"Gremlin Nob","floor":7,"turns":5},{"damage":1,"enemies":"Looter","floor":10,"turns":3},{"damage":0,"enemies":"Exordium Thugs","floor":11,"turns":4},{"damage":0,"enemies":"3 Louse","floor":12,"turns":2},{"damage":4,"enemies":"Lagavulin","floor":13,"turns":6},{"damage":0,"enemies":"Large Slime","floor":14,"turns":3},{"damage":18,"enemies":"The Guardian","floor":16,"turns":17},{"damage":2,"enemies":"Shell Parasite","floor":18,"turns":4},{"damage":0,"enemies":"2 Thieves","floor":20,"turns":3},{"damage":22,"enemies":"Masked Bandits","floor":21,"turns":5},{"damage":0,"enemies":"Book of Stabbing","floor":23,"turns":5},{"damage":27,"enemies":"Slavers","floor":25,"turns":7},{"damage":6,"enemies":"Snecko","floor":28,"turns":7},{"damage":2,"enemies":"Cultist and Chosen","floor":31,"turns":5},{"damage":26,"enemies":"Collector","floor":33,"turns":7}],"seed_played":"-6858301361199376866","neow_bonus_log":{"cardsObtained":[],"cardsUpgraded":[],"cardsRemoved":[],"cardsTransformed":[],"relicsObtained":[],"maxHpGained":0,"goldGained":0,"damageTaken":0,"goldLost":0,"maxHpLost":0},"potions_obtained":[{"floor":1,"key":"Block Potion"},{"floor":5,"key":"SpeedPotion"},{"floor":12,"key":"BlessingOfTheForge"},{"floor":13,"key":"FearPotion"},{"floor":14,"key":"LiquidBronze"},{"floor":21,"key":"PowerPotion"},{"floor":23,"key":"Poison Potion"},{"floor":25,"key":"BlessingOfTheForge"}],"is_trial":false,"path_per_floor":["M","?","M","M","M","R","E","R","T","M","M","M","E","M","R","B",null,"M","?","M","?","$","E","R","E","T","R","M","R","$","M","R","B"],"character_chosen":"THE_SILENT","basemod:card_modifiers":[null,null,null,null,null,null,null,null,null,null,null,null,null,null,null,null,null,null,null,null,null,null,null,null,null,null],"items_purchased":["InkBottle","Footwork","Calculated Gamble","Swift Potion"],"campfire_rested":3,"item_purchase_floors":[22,22,30,30],"current_hp_per_floor":[59,59,59,59,53,53,16,35,35,34,34,34,30,30,30,12,53,51,45,45,23,23,23,42,15,15,34,28,28,28,26,26,0],"gold":31,"neow_bonus":"THREE_CARDS","is_prod":false,"is_daily":false,"rewards_skipped":[],"chose_seed":false,"campfire_upgraded":4,"win_rate":0,"floor_exit_playtime":[80,92,137,176,240,254,317,322,324,363,412,446,512,546,554,749,767,820,824,867,969,1013,1108,1128,1239,1242,1246,1359,1365,1383,1453,1465],"timestamp":1681319035,"path_taken":["M","?","M","M","M","R","E","R","T","M","M","?","E","M","R","BOSS","M","?","?","?","$","E","R","E","T","R","M","R","?","M","R","BOSS"],"build_version":"2022-12-18","purchased_purges":1,"victory":false,"max_hp_per_floor":[66,66,66,66,66,66,66,66,66,66,66,66,66,66,66,66,66,66,66,66,66,66,66,66,66,66,66,66,66,66,66,66,66],"relic_stats":{"counters":[19,99],"Mummified Hand":[31],"HoveringKite":[26],"Orichalcum":[0],"obtain_stats":[{"Anchor":23,"Ninja Scroll":7,"Mummified Hand":9,"HoveringKite":17,"Red Mask":21,"Bag of Marbles":26,"Orichalcum":25,"StrikeDummy":13,"InkBottle":22,"Ring of the Snake":0},{"Anchor":15,"Ninja Scroll":5,"Mummified Hand":5,"HoveringKite":11,"Red Mask":14,"Bag of Marbles":16,"Orichalcum":16,"StrikeDummy":9,"InkBottle":14,"Ring of the Snake":0},{"Anchor":73,"Ninja Scroll":21,"Mummified Hand":21,"HoveringKite":56,"Red Mask":68,"Bag of Marbles":80,"Orichalcum":80,"StrikeDummy":36,"InkBottle":68,"Ring of the Snake":0}],"InkBottle":[19],"Ring of the Snake":[38]},"card_choices":[{"not_picked":["Riddle With Holes","Catalyst"],"picked":"Dagger Spray","floor":0},{"not_picked":["Dodge and Roll","Poisoned Stab"],"picked":"All Out Attack","floor":1},{"not_picked":["Bane","Dagger Spray"],"picked":"Backflip","floor":3},{"not_picked":["Backflip","Dodge and Roll"],"picked":"Storm of Steel","floor":4},{"not_picked":["Dagger Throw","Dodge and Roll"],"picked":"Slice","floor":5},{"not_picked":["Dagger Spray","Deflect"],"picked":"After Image","floor":7},{"not_picked":["Dagger Spray","Concentrate"],"picked":"Backstab","floor":10},{"not_picked":["Dagger Spray","Dodge and Roll"],"picked":"Blade Dance","floor":11},{"not_picked":["Prepared","All Out Attack","Sucker Punch"],"picked":"SKIP","floor":12},{"not_picked":["Dagger Spray","Sucker Punch","Slice"],"picked":"SKIP","floor":13},{"not_picked":["Flying Knee","Prepared"],"picked":"Footwork","floor":14},{"not_picked":["Bullet Time","Unload"],"picked":"Die Die Die","floor":16},{"not_picked":["Flying Knee","Sucker Punch","Bane"],"picked":"SKIP","floor":18},{"not_picked":["Blur","Outmaneuver"],"picked":"Dodge and Roll","floor":20},{"not_picked":["Deadly Poison","Quick Slash"],"picked":"Prepared+1","floor":21},{"not_picked":["Finisher","Dagger Spray","Poisoned Stab"],"picked":"SKIP","floor":23},{"not_picked":["Outmaneuver","Glass Knife","Deadly Poison"],"picked":"SKIP","floor":25},{"not_picked":["Crippling Poison","Backstab"],"picked":"Terror","floor":28},{"not_picked":["Riddle With Holes","Bane","Flying Knee+1"],"picked":"SKIP","floor":31}],"player_experience":1715368,"relics_obtained":[{"floor":7,"key":"Ninja Scroll"},{"floor":9,"key":"Mummified Hand"},{"floor":13,"key":"StrikeDummy"},{"floor":21,"key":"Red Mask"},{"floor":23,"key":"Anchor"},{"floor":25,"key":"Orichalcum"},{"floor":26,"key":"Bag of Marbles"}],"event_choices":[{"cards_removed":["Strike_G"],"damage_healed":0,"gold_gain":0,"player_choice":"Offered Basic","damage_taken":0,"max_hp_gain":0,"max_hp_loss":0,"event_name":"Bonfire Elementals","floor":2,"gold_loss":0},{"damage_healed":0,"gold_gain":50,"player_choice":"Touch","damage_taken":6,"max_hp_gain":0,"max_hp_loss":0,"event_name":"FaceTrader","floor":19,"gold_loss":0},{"damage_healed":0,"gold_gain":0,"player_choice":"Fought Bandits","damage_taken":0,"max_hp_gain":0,"max_hp_loss":0,"event_name":"Masked Bandits","floor":21,"gold_loss":0}],"is_beta":false,"boss_relics":[{"not_picked":["Cursed Key","SlaversCollar"],"picked":"HoveringKite"}],"items_purged_floors":[22],"is_endless":false,"potions_floor_spawned":[1,5,12,13,14,21,23,25],"killed_by":"Collector","ascension_level":20,"potion_discard_per_floor":[[],[],[],[],[],[],[],[],[],[],[],[],[],[],[],[],[],[],[],[],[],[],[],[],[],[],[],[],[],["BlessingOfTheForge"],[],[],[]]}