{"neow_bonuses_skipped_log":["RANDOM_COLORLESS","THREE_SMALL_POTIONS","BOSS_RELIC"],"neow_costs_skipped_log":["NONE","NONE","NONE"],"potions_obtained_entropic_brew":[[],[],[],[],[],[],[],[],[],[],[],[],[],[],[],[],[],[],[],[],[],[],[],[],[],[],[],[],[],[],[],[],[],[],[],[],[],[],[],[],[],[],[],[],[],[],[],[],[],[],[]],"gold_per_floor":[114,39,50,68,68,68,84,84,110,145,170,170,170,207,207,290,290,316,349,363,372,400,400,400,443,443,467,499,184,184,203,203,290,290,305,305,12,34,48,48,81,103,149,184,134,149,149,184,184,184,184],"floor_reached":51,"playtime":5481,"items_purged":["Writhe","Strike_G+1","Strike_G+1","Strike_G+1"],"score":1758,"play_id":"8d9828ec-ec9f-43e6-8df3-559e209c1208","local_time":"20230412152111","score_breakdown":["Floors Climbed (51): 255","Enemies Slain (17): 34","Exordium Elites Killed (1): 10","City Elites Killed (2): 40","Beyond Elites Killed (3): 90","Bosses Slain (3): 300","Librarian: 25","Well Fed: 25","Champion (2): 50","Perfect (1): 50","Overkill: 25","Ascension (20): 854"],"is_ascension_mode":true,"potions_obtained_alchemize":[[],[],[],[],[],[],[],[],[],[],[],[],[],[],[],[],[],[],[],[],[],[],[],[],[],[],[],[],[],[],[],[],[],[],[],[],[],[],[],[],[],[],[],[],[],[],[],[],[],[],[]],"campfire_choices":[{"data":"All Out Attack","floor":6,"key":"SMITH"},{"data":"Terror","floor":8,"key":"SMITH"},{"floor":13,"key":"REST"},{"data":"Deadly Poison","floor":15,"key":"SMITH"},{"data":"Wraith Form v2","floor":23,"key":"SMITH"},{"data":"Tools of the Trade","floor":30,"key":"SMITH"},{"data":"Calculated Gamble","floor":32,"key":"SMITH"},{"data":"Phantasmal Killer","floor":40,"key":"SMITH"},{"floor":47,"key":"RECALL"},{"data":"Adrenaline","floor":49,"key":"SMITH"}],"lesson_learned_per_floor":[[],[],[],[],[],[],[],[],[],[],[],[],[],[],[],[],[],[],[],[],[],[],[],[],[],[],[],[],[],[],[],[],[],[],[],[],[],[],[],[],[],[],[],[],[],[],[],[],[],[],[]],"neow_cost":"CURSE","improvable_cards":{},"seed_source_timestamp":37030305954200,"shop_contents":[{"floor":2,"relics":["Unceasing Top","Oddly Smooth Stone","Cauldron"],"cards":["Riddle With Holes","Masterful Stab","Blur","Deflect","Envenom","Panacea","Violence"],"potions":["Regen Potion","Swift Potion","AttackPotion"]},{"floor":29,"relics":["Ancient Tea Set","Vajra"],"cards":["Poisoned Stab","Slice","Blur","Noxious Fumes","Blind","Sadistic Nature"],"potions":["CunningPotion","DistilledChaos","AttackPotion"]},{"floor":37,"relics":["MealTicket","Akabeko"],"cards":["Riddle With Holes","Masterful Stab","Backflip","Setup","Infinite Blades","Forethought","Metamorphosis"],"potions":["Energy Potion","AttackPotion","CunningPotion"]},{"floor":45,"relics":["Darkstone Periapt","Lantern","TwistedFunnel"],"cards":["Backstab","Riddle With Holes","Cloak And Dagger","PiercingWail","Infinite Blades","Bandage Up","HandOfGreed"],"potions":["Energy Potion","SteroidPotion","SpeedPotion"]}],"circlet_count":0,"master_deck":["AscendersBane","Strike_G+1","Strike_G+1","Defend_G+1","Defend_G+1","Defend_G+1","Defend_G+1","Defend_G+1","Survivor","Neutralize","Violence+1","All Out Attack+1","Backstab","Dagger Throw","Neutralize","Terror+1","Acrobatics","Deadly Poison+1","Underhanded Strike","Calculated Gamble+1","Tools of the Trade+1","Deflect","Wraith Form v2+1","Outmaneuver","Crippling Poison+1","Grand Finale","Reflex","Backflip+1","Acrobatics","Acrobatics+1","Phantasmal Killer+1","Grand Finale","Calculated Gamble+1","Flechettes","Adrenaline+1"],"potion_use_per_floor":[[],[],[],[],[],[],[],[],[],["Weak Potion"],[],[],[],[],[],["PowerPotion"],[],[],["Energy Potion"],[],[],[],[],[],[],[],[],[],[],[],[],[],["ColorlessPotion"],[],[],[],[],[],[],[],[],["CunningPotion"],[],[],[],[],[],[],[],[],["PowerPotion"]],"relics":["Ring of the Snake","CeramicFish","Anchor","Prayer Wheel","Runic Pyramid","Pen Nib","Strawberry","Mango","Lee\u0027s Waffle","Philosopher\u0027s Stone","OrangePellets","War Paint","Smiling Mask","InkBottle"],"potions_floor_usage":[10,16,19,33,42,51],"damage_taken":[{"damage":4,"enemies":"Cultist","floor":1,"turns":5},{"damage":11,"enemies":"Jaw Worm","floor":3,"turns":5},{"damage":0,"enemies":"2 Louse","floor":4,"turns":2},{"damage":0,"enemies":"Blue Slaver","floor":7,"turns":3},{"damage":15,"enemies":"Lagavulin","floor":10,"turns":7},{"damage":0,"enemies":"Exordium Wildlife","floor":11,"turns":2},{"damage":0,"enemies":"Large Slime","floor":14,"turns":2},{"damage":16,"enemies":"The Guardian","floor":16,"turns":10},{"damage":4,"enemies":"2 Thieves","floor":18,"turns":4},{"damage":4,"enemies":"3 Byrds","floor":19,"turns":6},{"damage":4,"enemies":"3 Cultists","floor":20,"turns":5},{"damage":7,"enemies":"Sentry and Sphere","floor":22,"turns":5},{"damage":10,"enemies":"Book of Stabbing","floor":25,"turns":5},{"damage":3,"enemies":"Cultist and Chosen","floor":27,"turns":7},{"damage":0,"enemies":"Gremlin Leader","floor":28,"turns":3},{"damage":3,"enemies":"Snake Plant","floor":31,"turns":4},{"damage":43,"enemies":"Automaton","floor":33,"turns":12},{"damage":0,"enemies":"Orb Walker","floor":35,"turns":4},{"damage":3,"enemies":"3 Darklings","floor":38,"turns":5},{"damage":4,"enemies":"Sphere and 2 Shapes","floor":39,"turns":5},{"damage":9,"enemies":"Reptomancer","floor":41,"turns":7},{"damage":3,"enemies":"Writhing Mass","floor":42,"turns":4},{"damage":0,"enemies":"Giant Head","floor":44,"turns":4},{"damage":2,"enemies":"Jaw Worm Horde","floor":46,"turns":5},{"damage":4,"enemies":"Nemesis","floor":48,"turns":3},{"damage":0,"enemies":"Donu and Deca","floor":50,"turns":8},{"damage":61,"enemies":"Time Eater","floor":51,"turns":9}],"green_key_taken_log":44,"seed_played":"-2952678278223264143","neow_bonus_log":{"cardsObtained":["Writhe"],"cardsUpgraded":[],"cardsRemoved":[],"cardsTransformed":[],"relicsObtained":[],"maxHpGained":0,"goldGained":0,"damageTaken":0,"goldLost":0,"maxHpLost":0},"potions_obtained":[{"floor":4,"key":"Energy Potion"},{"floor":7,"key":"Weak Potion"},{"floor":11,"key":"Energy Potion"},{"floor":14,"key":"PowerPotion"},{"floor":18,"key":"Fire Potion"},{"floor":22,"key":"ColorlessPotion"},{"floor":41,"key":"CunningPotion"},{"floor":42,"key":"DistilledChaos"},{"floor":48,"key":"PowerPotion"}],"is_trial":false,"path_per_floor":["M","$","M","M","?","R","M","R","T","E","M","?","R","M","R","B",null,"M","M","M","?","M","R","?","E","T","M","E","$","R","M","R","B",null,"M","?","$","M","M","R","E","M","T","E","$","M","R","E","R","B","B"],"character_chosen":"THE_SILENT","basemod:card_modifiers":[null,null,null,null,null,null,null,null,null,null,null,null,null,null,null,null,null,null,null,null,null,null,null,null,null,null,null,null,null,null,null,null,null,null,null],"items_purchased":["Lee\u0027s Waffle","Acrobatics","OrangePellets"],"campfire_rested":1,"item_purchase_floors":[29,29,37],"current_hp_per_floor":[55,55,44,44,44,44,44,44,44,29,29,18,37,37,37,21,55,51,47,43,43,36,36,36,26,33,30,44,94,94,91,91,48,83,83,83,83,80,76,76,67,64,64,64,64,62,62,58,58,58,0],"gold":184,"neow_bonus":"RANDOM_COLORLESS_2","is_prod":false,"is_daily":false,"rewards_skipped":[{"floor":25,"relics":[],"potions":["SteroidPotion"]},{"floor":28,"relics":[],"potions":["LiquidBronze"]},{"floor":46,"relics":[],"potions":["SteroidPotion"]}],"chose_seed":false,"campfire_upgraded":8,"win_rate":0,"floor_exit_playtime":[64,76,115,143,172,190,218,224,226,283,306,310,314,349,355,505,542,601,2568,2672,2676,2753,2759,2766,2864,2868,2978,3047,3065,3072,3133,3142,3441,3460,3533,3538,3568,3710,3869,3880,4128,4253,4256,4418,4433,4670,4681,4795,4802,5069],"timestamp":1681327271,"blue_key_relic_skipped_log":{"floor":43,"relicID":"Happy Flower"},"path_taken":["M","?","M","M","?","R","?","R","T","E","M","?","R","M","R","BOSS","M","M","M","?","M","R","?","E","T","M","E","$","R","M","R","BOSS","M","?","$","?","M","R","E","M","T","E","$","M","R","E","R","BOSS","BOSS"],"build_version":"2022-12-18","purchased_purges":4,"victory":false,"max_hp_per_floor":[66,66,66,66,66,66,66,66,66,66,66,66,66,66,66,66,66,66,66,66,66,66,66,66,66,73,73,87,94,94,94,94,94,94,94,94,94,94,94,94,94,94,94,94,94,94,94,94,94,94,94],"relic_stats":{"OrangePellets":[8],"Lee\u0027s Waffle":50,"counters":[27,141],"CeramicFish":180,"Prayer Wheel":12,"Pen Nib":[17],"War Paint":["Violence","Acrobatics"],"Smiling Mask":100,"obtain_stats":[{"Lee\u0027s Waffle":29,"CeramicFish":9,"Mango":28,"Pen Nib":25,"War Paint":41,"Smiling Mask":44,"OrangePellets":37,"Anchor":10,"Strawberry":26,"Prayer Wheel":12,"Philosopher\u0027s Stone":34,"InkBottle":48,"Ring of the Snake":0,"Runic Pyramid":17},{"Lee\u0027s Waffle":15,"CeramicFish":4,"Mango":15,"Pen Nib":13,"War Paint":21,"Smiling Mask":23,"OrangePellets":18,"Anchor":5,"Strawberry":13,"Prayer Wheel":6,"Philosopher\u0027s Stone":17,"InkBottle":25,"Ring of the Snake":0,"Runic Pyramid":8},{"Lee\u0027s Waffle":71,"CeramicFish":15,"Mango":71,"Pen Nib":61,"War Paint":108,"Smiling Mask":116,"OrangePellets":91,"Anchor":22,"Strawberry":61,"Prayer Wheel":24,"Philosopher\u0027s Stone":87,"InkBottle":124,"Ring of the Snake":0,"Runic Pyramid":36}],"InkBottle":[10],"Ring of the Snake":[54]},"card_choices":[{"not_picked":["Secret Weapon","Transmutation"],"picked":"Violence","floor":0},{"not_picked":["PiercingWail","Deflect"],"picked":"All Out Attack","floor":1},{"not_picked":["Sucker Punch","Quick Slash"],"picked":"Backstab","floor":3},{"not_picked":["Flying Knee","Prepared"],"picked":"Dagger Throw","floor":4},{"not_picked":["Deflect","Leg Sweep"],"picked":"Terror","floor":7},{"not_picked":["Blade Dance","Night Terror"],"picked":"Acrobatics","floor":10},{"not_picked":["Bane","Cloak And Dagger"],"picked":"Deadly Poison","floor":11},{"not_picked":["Dagger Spray","Cloak And Dagger"],"picked":"Underhanded Strike","floor":14},{"not_picked":["Slice","Deadly Poison"],"picked":"Calculated Gamble","floor":14},{"not_picked":["Phantasmal Killer","Die Die Die"],"picked":"Tools of the Trade","floor":16},{"not_picked":["Dagger Spray","All Out Attack"],"picked":"Deflect","floor":18},{"not_picked":["Dagger Spray","Dodge and Roll","Outmaneuver"],"picked":"SKIP","floor":18},{"not_picked":["Deflect","Poisoned Stab"],"picked":"Wraith Form v2","floor":19},{"not_picked":["Bane+1","Prepared"],"picked":"Outmaneuver","floor":19},{"not_picked":["Riddle With Holes+1","Deflect","Prepared"],"picked":"SKIP","floor":20},{"not_picked":["Dagger Throw","Prepared","Poisoned Stab"],"picked":"SKIP","floor":20},{"not_picked":["Dagger Throw","Dagger Spray"],"picked":"Crippling Poison+1","floor":22},{"not_picked":["Dodge and Roll","Bane"],"picked":"Grand Finale","floor":22},{"not_picked":["Poisoned Stab","Quick Slash"],"picked":"Reflex","floor":25},{"not_picked":["Dash","Outmaneuver"],"picked":"Backflip+1","floor":27},{"not_picked":["Backflip","Cloak And Dagger","Deflect"],"picked":"SKIP","floor":27},{"not_picked":["Dagger Throw","Envenom","Blade Dance"],"picked":"SKIP","floor":28},{"not_picked":["Outmaneuver","PiercingWail"],"picked":"Acrobatics","floor":31},{"not_picked":["Bane+1","Underhanded Strike","Poisoned Stab"],"picked":"SKIP","floor":31},{"not_picked":["After Image","Tools of the Trade"],"picked":"Phantasmal Killer","floor":33},{"not_picked":["Catalyst","Dodge and Roll","Noxious Fumes"],"picked":"SKIP","floor":35},{"not_picked":["Deadly Poison","Prepared","Blade Dance"],"picked":"SKIP","floor":35},{"not_picked":["Deadly Poison","Cloak And Dagger"],"picked":"Grand Finale","floor":38},{"not_picked":["Outmaneuver","Blade Dance","Sucker Punch"],"picked":"SKIP","floor":38},{"not_picked":["Dagger Spray","Bane","Underhanded Strike"],"picked":"SKIP","floor":39},{"not_picked":["Terror","All Out Attack","Skewer"],"picked":"SKIP","floor":39},{"not_picked":["Backstab","Outmaneuver","Blade Dance+1"],"picked":"SKIP","floor":41},{"not_picked":["Slice+1","Blade Dance"],"picked":"Calculated Gamble+1","floor":42},{"not_picked":["Prepared","Acrobatics","Corpse Explosion"],"picked":"SKIP","floor":42},{"not_picked":["Heel Hook","Deflect"],"picked":"Flechettes","floor":44},{"not_picked":["Terror","Cloak And Dagger+1","Backflip"],"picked":"SKIP","floor":46},{"not_picked":["Outmaneuver","Acrobatics","Skewer+1"],"picked":"SKIP","floor":46},{"not_picked":["Dagger Spray","Choke"],"picked":"Adrenaline","floor":48}],"player_experience":1719480,"relics_obtained":[{"floor":9,"key":"CeramicFish"},{"floor":10,"key":"Anchor"},{"floor":25,"key":"Pen Nib"},{"floor":26,"key":"Strawberry"},{"floor":28,"key":"Mango"},{"floor":41,"key":"War Paint"},{"floor":44,"key":"Smiling Mask"},{"floor":48,"key":"InkBottle"}],"event_choices":[{"damage_healed":0,"gold_gain":0,"player_choice":"1 cards matched","damage_taken":0,"max_hp_gain":0,"max_hp_loss":0,"event_name":"Match and Keep!","floor":5,"gold_loss":0,"cards_obtained":["Neutralize"]},{"damage_healed":0,"gold_gain":0,"player_choice":"Success","damage_taken":11,"relics_obtained":["Prayer Wheel"],"max_hp_gain":0,"max_hp_loss":0,"event_name":"Scrap Ooze","floor":12,"gold_loss":0},{"damage_healed":0,"gold_gain":0,"player_choice":"Smashed Altar","damage_taken":0,"max_hp_gain":0,"max_hp_loss":0,"event_name":"Forgotten Altar","floor":21,"gold_loss":0,"cards_obtained":["Decay"]},{"damage_healed":0,"gold_gain":0,"player_choice":"Simplicity","damage_taken":0,"max_hp_gain":0,"max_hp_loss":0,"event_name":"Back to Basics","floor":24,"gold_loss":0,"cards_upgraded":["Strike_G","Strike_G","Strike_G","Strike_G","Strike_G","Defend_G","Defend_G","Defend_G","Defend_G","Defend_G"]},{"cards_removed":["Decay"],"damage_healed":0,"gold_gain":0,"player_choice":"Removed Curses","damage_taken":0,"max_hp_gain":0,"max_hp_loss":0,"event_name":"Fountain of Cleansing","floor":36,"gold_loss":0}],"is_beta":false,"boss_relics":[{"not_picked":["Coffee Dripper","WristBlade"],"picked":"Runic Pyramid"},{"not_picked":["Velvet Choker","SacredBark"],"picked":"Philosopher\u0027s Stone"}],"items_purged_floors":[2,29,37,45],"is_endless":false,"potions_floor_spawned":[4,7,11,14,18,22,25,28,41,42,46,48],"killed_by":"Time Eater","ascension_level":20,"potion_discard_per_floor":[[],[],[],[],[],[],[],[],[],[],[],[],[],["Energy Potion"],[],[],[],[],[],[],[],[],[],[],[],[],[],[],[],[],[],[],[],[],[],[],[],[],[],[],[],[],[],[],[],[],[],["Fire Potion"],[],[],[]]}