{"neow_bonuses_skipped_log":["THREE_CARDS","THREE_ENEMY_KILL","BOSS_RELIC"],"potions_obtained_entropic_brew":[[],[],[],[],[],[],[],[],[],[],[],[],[],[],[],[],[],[],[],[],[],[],[],[],[],[],[],[],[],[],[],[],[],[],[],[],[],[],[],[],[],[],[],[],[],[],[],[],[],[],[],[],[],[],[],[],[]],"neow_costs_skipped_log":["NONE","NONE","NONE"],"gold_per_floor":[115,130,0,0,10,10,35,49,96,96,130,142,471,471,471,570,570,589,602,527,547,547,283,319,319,345,359,359,400,418,442,442,541,541,560,230,230,246,260,295,66,66,140,158,158,158,194,207,207,207,207,207,207,26,59,59],"floor_reached":57,"playtime":4446,"items_purged":["Regret","Masterful Stab","Decay","Slice"],"score":2944,"play_id":"2224dae6-3961-4934-830c-e84177b626a9","local_time":"20230415020836","score_breakdown":["Floors Climbed (57): 285","Enemies Slain (16): 32","Exordium Elites Killed (3): 30","City Elites Killed (2): 40","Beyond Elites Killed (2): 60","Bosses Slain (5): 750","Money Money (1169): 25","Well Fed: 25","Champion (4): 100","C-c-c-combo: 25","Ascension (20): 1322","Heartbreaker: 250"],"is_ascension_mode":true,"potions_obtained_alchemize":[[],[],[],[],[],[],[],[],[],[],[],[],[],[],[],[],[],[],[],[],[],[],[],[],[],[],[],[],[],[],[],[],[],[],[],[],[],[],[],[],[],[],[],[],[],[],[],[],[],[],[],[],[],[],[],[],[]],"campfire_choices":[{"data":"Accuracy","floor":6,"key":"SMITH"},{"data":"Blade Dance","floor":10,"key":"SMITH"},{"data":"Tools of the Trade","floor":15,"key":"SMITH"},{"data":"Acrobatics","floor":25,"key":"SMITH"},{"data":"Setup","floor":32,"key":"SMITH"},{"data":"Calculated Gamble","floor":42,"key":"SMITH"},{"data":"Well Laid Plans","floor":46,"key":"SMITH"},{"floor":49,"key":"RECALL"},{"floor":53,"key":"REST"}],"lesson_learned_per_floor":[[],[],[],[],[],[],[],[],[],[],[],[],[],[],[],[],[],[],[],[],[],[],[],[],[],[],[],[],[],[],[],[],[],[],[],[],[],[],[],[],[],[],[],[],[],[],[],[],[],[],[],[],[],[],[],[],[]],"neow_cost":"CURSE","improvable_cards":{},"seed_source_timestamp":249687816593400,"shop_contents":[{"floor":3,"relics":["Snake Skull","Dead Branch","Medical Kit"],"cards":["Slice","All Out Attack","Backflip","Noxious Fumes","Swift Strike","Panache"],"potions":["ColorlessPotion","DistilledChaos","ColorlessPotion"]},{"floor":23,"relics":["Oddly Smooth Stone","Ice Cream"],"cards":["Flechettes","Bane","Leg Sweep","Prepared","Infinite Blades","Enlightenment","Sadistic Nature"],"potions":["EssenceOfSteel","Swift Potion","FearPotion"]},{"floor":36,"relics":["Ancient Tea Set","Incense Burner"],"cards":["Dagger Spray","Flying Knee","Backflip","Accuracy","Swift Strike","Thinking Ahead"],"potions":["Energy Potion","Dexterity Potion","Explosive Potion"]},{"floor":41,"relics":["MealTicket","Bag of Preparation","PrismaticShard"],"cards":["All Out Attack","Poisoned Stab","Concentrate","Crippling Poison","Caltrops","Flash of Steel","Apotheosis"],"potions":["Dexterity Potion","Dexterity Potion"]},{"floor":45,"relics":["Frozen Egg 2","Dream Catcher","Membership Card"],"cards":["Poisoned Stab","Underhanded Strike","Deadly Poison","Cloak And Dagger","Caltrops","Dark Shackles","Secret Weapon"],"potions":["AttackPotion","AttackPotion","Explosive Potion"]},{"floor":54,"relics":["Whetstone","Strawberry","Lee\u0027s Waffle"],"cards":["Eviscerate","Unload","Prepared","Footwork","Mayhem"],"potions":["DuplicationPotion","SteroidPotion","DuplicationPotion"]}],"circlet_count":0,"master_deck":["AscendersBane","Survivor","Neutralize","Blade Dance+1","Accuracy+1","Blade Dance","Cloak And Dagger","Tools of the Trade+1","Accuracy","Acrobatics+1","Cloak And Dagger","Adrenaline","Calculated Gamble+1","Acrobatics","Finisher","Backstab","Well Laid Plans+1","Setup+1","Cloak And Dagger+1","Expertise","Calculated Gamble+1","Accuracy","Setup+1","Terror","Acrobatics+1","Tactician","Purity","PiercingWail"],"potion_use_per_floor":[[],[],[],[],[],[],["Swift Potion","GamblersBrew"],[],[],[],[],[],[],[],[],[],[],[],[],[],[],[],[],[],[],[],[],[],[],["Swift Potion"],[],[],[],[],[],[],[],["Fire Potion"],["Swift Potion"],[],[],[],[],[],[],[],[],[],[],[],["LiquidMemories"],[],[],[],["GamblersBrew"],[],[]],"relics":["Ring of the Snake","Shovel","Singing Bowl","Nunchaku","PreservedInsect","Old Coin","Golden Idol","Pandora\u0027s Box","TheAbacus","Boot","Bag of Marbles","Vajra","Busted Crown","DollysMirror","Tough Bandages","Mango","Art of War"],"potions_floor_usage":[7,7,30,38,39,51,55],"damage_taken":[{"damage":12,"enemies":"Jaw Worm","floor":1,"turns":6},{"damage":0,"enemies":"2 Louse","floor":2,"turns":3},{"damage":0,"enemies":"Cultist","floor":5,"turns":3},{"damage":0,"enemies":"3 Sentries","floor":7,"turns":4},{"damage":0,"enemies":"Large Slime","floor":8,"turns":3},{"damage":4,"enemies":"Lagavulin","floor":11,"turns":6},{"damage":0,"enemies":"Red Slaver","floor":12,"turns":3},{"damage":5,"enemies":"3 Sentries","floor":13,"turns":5},{"damage":17,"enemies":"The Guardian","floor":16,"turns":9},{"damage":0,"enemies":"Shell Parasite","floor":18,"turns":1},{"damage":0,"enemies":"3 Byrds","floor":19,"turns":2},{"damage":0,"enemies":"Sentry and Sphere","floor":21,"turns":2},{"damage":0,"enemies":"Book of Stabbing","floor":24,"turns":2},{"damage":0,"enemies":"3 Cultists","floor":27,"turns":4},{"damage":0,"enemies":"Slavers","floor":29,"turns":2},{"damage":0,"enemies":"Shelled Parasite and Fungi","floor":30,"turns":2},{"damage":0,"enemies":"Sentry and Sphere","floor":31,"turns":3},{"damage":26,"enemies":"Collector","floor":33,"turns":5},{"damage":0,"enemies":"Orb Walker","floor":35,"turns":1},{"damage":0,"enemies":"3 Shapes","floor":38,"turns":4},{"damage":10,"enemies":"Writhing Mass","floor":39,"turns":2},{"damage":13,"enemies":"Giant Head","floor":40,"turns":3},{"damage":0,"enemies":"Maw","floor":44,"turns":3},{"damage":0,"enemies":"Reptomancer","floor":47,"turns":2},{"damage":0,"enemies":"3 Darklings","floor":48,"turns":2},{"damage":6,"enemies":"Awakened One","floor":50,"turns":7},{"damage":36,"enemies":"Time Eater","floor":51,"turns":7},{"damage":6,"enemies":"Shield and Spear","floor":55,"turns":4},{"damage":73,"enemies":"The Heart","floor":56,"turns":9}],"green_key_taken_log":40,"seed_played":"1088973079808121790","neow_bonus_log":{"cardsObtained":["Regret"],"cardsUpgraded":[],"cardsRemoved":[],"cardsTransformed":[],"relicsObtained":["Shovel"],"maxHpGained":0,"goldGained":0,"damageTaken":0,"goldLost":0,"maxHpLost":0},"potions_obtained":[{"floor":1,"key":"GamblersBrew"},{"floor":2,"key":"Swift Potion"},{"floor":7,"key":"CunningPotion"},{"floor":12,"key":"ColorlessPotion"},{"floor":27,"key":"Swift Potion"},{"floor":35,"key":"Fire Potion"},{"floor":38,"key":"Swift Potion"},{"floor":44,"key":"LiquidMemories"}],"is_trial":false,"path_per_floor":["M","M","$","?","M","R","E","M","T","R","E","M","E","?","R","B",null,"M","M","?","M","?","$","E","R","T","M","?","E","M","M","R","B",null,"M","$","?","M","M","E","$","R","T","M","$","R","E","M","R","B","B",null,"R","$","E","B",null],"character_chosen":"THE_SILENT","basemod:card_modifiers":[null,null,null,null,null,null,null,null,null,null,null,null,null,null,null,null,null,null,null,null,null,null,null,null,null,null,null,null],"items_purchased":["Blade Dance","TheAbacus","DollysMirror","Terror","GamblersBrew","Tactician","Purity"],"campfire_rested":1,"item_purchase_floors":[3,23,36,36,41,54,54],"current_hp_per_floor":[47,47,47,40,40,40,40,42,42,42,38,38,33,33,33,16,51,53,53,53,55,55,55,55,55,55,57,57,59,59,59,59,35,63,63,63,68,70,62,51,51,51,51,53,53,53,69,69,69,63,27,79,96,96,90,17],"gold":59,"neow_bonus":"ONE_RARE_RELIC","is_prod":false,"is_daily":false,"rewards_skipped":[{"floor":18,"relics":[],"potions":["SneckoOil"]},{"floor":29,"relics":[],"potions":["LiquidMemories"]}],"chose_seed":false,"campfire_upgraded":7,"win_rate":0,"floor_exit_playtime":[112,155,174,183,213,222,391,425,427,445,534,576,653,657,672,835,904,1002,1095,1111,1230,1276,1415,1477,1491,1495,1607,1623,1689,1743,1804,1824,1986,2021,2059,2109,2136,2329,2414,2492,2597,2608,2612,2713,2723,2731,2807,2889,2893,3323,3617,3629,3644,3683,3911,4446],"timestamp":1681538916,"blue_key_relic_skipped_log":{"floor":43,"relicID":"Ornamental Fan"},"path_taken":["M","M","$","?","M","R","E","M","T","R","E","M","E","?","R","BOSS","M","M","?","M","?","$","E","R","T","?","?","E","M","M","R","BOSS","M","$","?","M","M","E","?","R","T","M","$","R","E","M","R","BOSS","BOSS","R","$","E","BOSS"],"build_version":"2022-12-18","purchased_purges":4,"victory":true,"max_hp_per_floor":[66,66,66,66,66,66,66,68,68,68,68,68,68,62,62,62,62,64,64,64,66,66,66,66,66,66,68,68,70,70,70,70,72,72,72,72,72,74,76,78,78,78,78,80,80,80,96,96,96,96,96,96,96,96,96,96],"relic_stats":{"Singing Bowl":22,"counters":[29,109],"Golden Idol":172,"PreservedInsect":388,"Boot":[16],"Nunchaku":[36],"Tough Bandages":[822],"Shovel":0,"TheAbacus":[276],"Busted Crown":16,"Pandora\u0027s Box":["Dagger Spray","Calculated Gamble","Riddle With Holes","Acrobatics","Bullet Time","Finisher","Backstab","Masterful Stab","Slice"],"Art of War":[1],"obtain_stats":[{"Singing Bowl":7,"Golden Idol":14,"Vajra":29,"Mango":47,"PreservedInsect":11,"Boot":24,"Old Coin":13,"Nunchaku":9,"Tough Bandages":40,"Shovel":0,"TheAbacus":23,"Busted Crown":34,"DollysMirror":36,"Pandora\u0027s Box":17,"Bag of Marbles":26,"Art of War":55,"Ring of the Snake":0},{"Singing Bowl":4,"Golden Idol":8,"Vajra":15,"Mango":24,"PreservedInsect":6,"Boot":13,"Old Coin":8,"Nunchaku":5,"Tough Bandages":22,"Shovel":0,"TheAbacus":12,"Busted Crown":18,"DollysMirror":19,"Pandora\u0027s Box":9,"Bag of Marbles":13,"Art of War":28,"Ring of the Snake":0},{"Singing Bowl":16,"Golden Idol":33,"Vajra":55,"Mango":80,"PreservedInsect":25,"Boot":49,"Old Coin":33,"Nunchaku":19,"Tough Bandages":75,"Shovel":0,"TheAbacus":47,"Busted Crown":65,"DollysMirror":66,"Pandora\u0027s Box":42,"Bag of Marbles":49,"Art of War":100,"Ring of the Snake":0}],"Ring of the Snake":[58]},"card_choices":[{"not_picked":["Prepared","Acrobatics"],"picked":"Blade Dance","floor":1},{"not_picked":["Acrobatics","Endless Agony"],"picked":"Accuracy","floor":2},{"not_picked":["Backflip","Dagger Spray"],"picked":"Cloak And Dagger","floor":5},{"not_picked":["Distraction","Prepared"],"picked":"Tools of the Trade","floor":7},{"not_picked":["Underhanded Strike","Dagger Spray","Riddle With Holes"],"picked":"Singing Bowl","floor":8},{"not_picked":["Footwork","Flying Knee"],"picked":"Accuracy","floor":11},{"not_picked":["Accuracy","Eviscerate"],"picked":"Acrobatics","floor":12},{"not_picked":["Endless Agony","Dagger Throw"],"picked":"Cloak And Dagger","floor":13},{"not_picked":["Venomology","Malaise"],"picked":"Adrenaline","floor":16},{"not_picked":["Setup","Underhanded Strike","Endless Agony"],"picked":"Singing Bowl","floor":18},{"not_picked":["Tactician","Bane"],"picked":"Well Laid Plans","floor":19},{"not_picked":["Heel Hook","Deflect","Outmaneuver"],"picked":"Singing Bowl","floor":21},{"not_picked":["Dagger Spray","Setup"],"picked":"Cloak And Dagger+1","floor":24},{"not_picked":["Slice","Skewer","Prepared"],"picked":"Singing Bowl","floor":27},{"not_picked":["Quick Slash","Outmaneuver","Backflip"],"picked":"Singing Bowl","floor":29},{"not_picked":["Unload","Dagger Throw+1"],"picked":"Expertise","floor":30},{"not_picked":["Cloak And Dagger","Deadly Poison"],"picked":"Calculated Gamble+1","floor":31},{"not_picked":["Bullet Time","Wraith Form v2","Corpse Explosion"],"picked":"Singing Bowl","floor":33},{"not_picked":[],"picked":"Accuracy","floor":35},{"not_picked":["Slice"],"picked":"Singing Bowl","floor":38},{"not_picked":["Underhanded Strike"],"picked":"Singing Bowl","floor":39},{"not_picked":["Dagger Spray"],"picked":"Singing Bowl","floor":40},{"not_picked":["Deflect"],"picked":"Singing Bowl","floor":44},{"not_picked":["Flying Knee"],"picked":"Singing Bowl","floor":47},{"not_picked":[],"picked":"Acrobatics+1","floor":48},{"not_picked":[],"picked":"PiercingWail","floor":55}],"player_experience":1792034,"relics_obtained":[{"floor":7,"key":"Singing Bowl"},{"floor":9,"key":"Nunchaku"},{"floor":11,"key":"PreservedInsect"},{"floor":13,"key":"Old Coin"},{"floor":24,"key":"Boot"},{"floor":26,"key":"Bag of Marbles"},{"floor":29,"key":"Vajra"},{"floor":40,"key":"Tough Bandages"},{"floor":47,"key":"Mango"},{"floor":55,"key":"Art of War"}],"event_choices":[{"cards_removed":["Strike_G"],"damage_healed":0,"gold_gain":0,"player_choice":"Card Removal","damage_taken":7,"max_hp_gain":0,"max_hp_loss":0,"event_name":"Golden Wing","floor":4,"gold_loss":0},{"damage_healed":0,"gold_gain":0,"player_choice":"Lose Max HP","damage_taken":0,"relics_obtained":["Golden Idol"],"max_hp_gain":0,"max_hp_loss":6,"event_name":"Golden Idol","floor":14,"gold_loss":0},{"cards_removed":["Riddle With Holes"],"damage_healed":0,"gold_gain":0,"player_choice":"Gave Gold","damage_taken":0,"max_hp_gain":0,"max_hp_loss":0,"event_name":"Beggar","floor":20,"gold_loss":75},{"damage_healed":0,"gold_gain":0,"cards_transformed":["Bullet Time"],"player_choice":"Transformed","damage_taken":0,"max_hp_gain":0,"max_hp_loss":0,"event_name":"Transmorgrifier","floor":22,"gold_loss":0,"cards_obtained":["Setup"]},{"damage_healed":0,"gold_gain":0,"player_choice":"Cursed","damage_taken":0,"max_hp_gain":0,"max_hp_loss":0,"event_name":"Wheel of Change","floor":28,"gold_loss":0,"cards_obtained":["Decay"]},{"cards_removed":["Dagger Spray"],"damage_healed":5,"gold_gain":0,"player_choice":"Offered Common","damage_taken":0,"max_hp_gain":0,"max_hp_loss":0,"event_name":"Bonfire Elementals","floor":37,"gold_loss":0},{"cards_removed":["Dagger Spray"],"damage_healed":5,"gold_gain":0,"player_choice":"Offered Special","damage_taken":0,"max_hp_gain":0,"max_hp_loss":0,"event_name":"Bonfire Elementals","floor":37,"gold_loss":0}],"is_beta":false,"boss_relics":[{"not_picked":["Coffee Dripper","SlaversCollar"],"picked":"Pandora\u0027s Box"},{"not_picked":["Sozu","Runic Dome"],"picked":"Busted Crown"}],"items_purged_floors":[3,23,36,41],"is_endless":false,"potions_floor_spawned":[1,2,7,12,18,27,29,35,38,44],"ascension_level":20,"potion_discard_per_floor":[[],[],[],[],[],[],[],[],[],[],[],[],[],[],[],[],[],[],[],[],[],[],[],[],[],[],["ColorlessPotion"],[],[],[],[],[],[],[],[],[],[],[],[],[],[],[],[],["CunningPotion"],[],[],[],[],[],[],[],[],[],[],[],[],[]]}