{"neow_bonuses_skipped_log":["TEN_PERCENT_HP_BONUS","ONE_RARE_RELIC","BOSS_RELIC"],"neow_costs_skipped_log":["NONE","CURSE","NONE"],"potions_obtained_entropic_brew":[[],[],[],[],[],[],[],[],[],[],[],[],[],[],[],[],[],[],[],[],[],[],[],[],[],[],[],[],[],[],[],[],[],[],[],[],[],[],[],[],[],[],[],[],[],[],[],[],[],[],[],[],[],[],[],[]],"gold_per_floor":[112,112,112,122,138,138,138,138,162,162,174,206,206,231,231,305,305,319,332,332,257,18,52,66,79,79,79,112,112,32,65,65,136,136,155,155,175,9,9,35,48,48,48,73,73,90,90,122,122,122,122,122,122,29,58,58],"floor_reached":56,"playtime":5349,"items_purged":["Strike_G"],"score":2323,"play_id":"c0acb988-c8c2-477f-b5b8-dd934cb423de","local_time":"20230410215018","score_breakdown":["Floors Climbed (56): 280","Enemies Slain (12): 24","Exordium Elites Killed (2): 20","City Elites Killed (3): 60","Beyond Elites Killed (3): 90","Bosses Slain (4): 500","Librarian: 25","Champion (4): 100","Perfect (1): 50","C-c-c-combo: 25","Ascension (20): 1149"],"is_ascension_mode":true,"potions_obtained_alchemize":[[],[],[],[],[],[],[],[],[],[],[],[],[],[],[],[],[],[],[],[],[],[],[],[],[],[],[],[],[],[],[],[],[],[],[],[],[],[],[],[],[],[],[],[],[],[],[],[],[],[],[],[],[],[],[],[]],"campfire_choices":[{"data":"Skewer","floor":6.0,"key":"SMITH"},{"data":"Backstab","floor":8.0,"key":"SMITH"},{"floor":10.0,"key":"REST"},{"data":"Well Laid Plans","floor":15.0,"key":"SMITH"},{"data":"Prepared","floor":27,"key":"SMITH"},{"floor":29,"key":"REST"},{"data":"Grand Finale","floor":32,"key":"SMITH"},{"data":"Expertise","floor":42,"key":"SMITH"},{"data":"Burst","floor":45,"key":"SMITH"},{"data":"Adrenaline","floor":47,"key":"SMITH"},{"floor":49,"key":"RECALL"},{"data":"Caltrops","floor":53,"key":"SMITH"}],"lesson_learned_per_floor":[[],[],[],[],[],[],[],[],[],[],[],[],[],[],[],[],[],[],[],[],[],[],[],[],[],[],[],[],[],[],[],[],[],[],[],[],[],[],[],[],[],[],[],[],[],[],[],[],[],[],[],[],[],[],[],[]],"neow_cost":"NONE","improvable_cards":{},"seed_source_timestamp":841022731719000,"shop_contents":[{"floor":21,"relics":["Vajra","Happy Flower","Lee\u0027s Waffle"],"cards":["Underhanded Strike","Slice","PiercingWail","Deadly Poison","Caltrops","Dark Shackles","Violence"],"potions":["AttackPotion","Weak Potion","Weak Potion"]},{"floor":22,"relics":["Potion Belt","Omamori"],"cards":["Quick Slash","Flying Knee","Deadly Poison","Accuracy","Mind Blast","Secret Weapon"],"potions":["SkillPotion","Weak Potion","EssenceOfSteel"]},{"floor":30,"relics":["Whetstone","War Paint","HandDrill"],"cards":["Endless Agony","PiercingWail","Calculated Gamble","Noxious Fumes","Flash of Steel","Panache"],"potions":["GhostInAJar","Ancient Potion","BlessingOfTheForge"]},{"floor":38,"relics":["Akabeko","Pear"],"cards":["Skewer","Flechettes","Terror","Blade Dance","After Image","Panacea","HandOfGreed"],"potions":["Weak Potion","SpeedPotion","Block Potion"]},{"floor":54,"relics":["Strawberry","Gremlin Horn","Toolbox"],"cards":["Endless Agony","Choke","Deflect","Expertise","Deep Breath","Panache+1"],"potions":["Fire Potion","CunningPotion"]}],"circlet_count":0,"master_deck":["AscendersBane","Defend_G","Defend_G","Defend_G","Defend_G","Defend_G","Survivor","Neutralize","Skewer+1","Backstab+1","Well Laid Plans+1","Endless Agony","Die Die Die","Leg Sweep","Glass Knife","Underhanded Strike","Prepared+1","Reflex","Escape Plan","Dagger Throw+1","Caltrops+1","Eviscerate","Grand Finale+1","Footwork","Adrenaline+1","Bullet Time+1","After Image+1","Acrobatics+1","Prepared+1","Expertise+1","Tools of the Trade","Reflex+1","Outmaneuver+1","Burst+1","Predator","Adrenaline","Caltrops+1","Flechettes"],"special_seed":0,"potion_use_per_floor":[[],[],[],[],[],[],[],[],[],[],[],["EssenceOfSteel"],["SmokeBomb"],[],[],[],[],[],["Fruit Juice"],[],[],[],["GamblersBrew","ColorlessPotion"],[],[],[],[],["CunningPotion"],[],[],[],[],["Poison Potion"],[],[],[],[],[],[],[],[],[],[],[],[],[],[],[],[],[],["DistilledChaos"],[],[],[],[],["SteroidPotion"]],"relics":["Ring of the Snake","Kunai","Lantern","Cursed Key","Nloth\u0027s Gift","ClockworkSouvenir","Ice Cream","Nunchaku","Bag of Preparation","Astrolabe","OrangePellets","Frozen Egg 2","Anchor","White Beast Statue","Bag of Marbles"],"potions_floor_usage":[28,33,51,56],"damage_taken":[{"damage":4.0,"enemies":"Cultist","floor":1.0,"turns":4.0},{"damage":1.0,"enemies":"2 Louse","floor":4.0,"turns":3.0},{"damage":0.0,"enemies":"Small Slimes","floor":5.0,"turns":2.0},{"damage":1.0,"enemies":"Looter","floor":11.0,"turns":3.0},{"damage":1.0,"enemies":"3 Sentries","floor":12.0,"turns":11.0},{"damage":0.0,"enemies":"Lagavulin Event","floor":13.0,"turns":1.0},{"damage":13.0,"enemies":"Lagavulin","floor":14.0,"turns":7.0},{"damage":2.0,"enemies":"The Guardian","floor":16.0,"turns":19.0},{"damage":2.0,"enemies":"2 Thieves","floor":18.0,"turns":4.0},{"damage":7.0,"enemies":"3 Byrds","floor":19.0,"turns":6.0},{"damage":6.0,"enemies":"Book of Stabbing","floor":23.0,"turns":5.0},{"damage":3.0,"enemies":"Sentry and Sphere","floor":24.0,"turns":3.0},{"damage":14.0,"enemies":"Snake Plant","floor":25.0,"turns":4.0},{"damage":9,"enemies":"Slavers","floor":28,"turns":3},{"damage":3,"enemies":"Gremlin Leader","floor":31,"turns":7},{"damage":11,"enemies":"Collector","floor":33,"turns":6},{"damage":0,"enemies":"Orb Walker","floor":35,"turns":3},{"damage":0,"enemies":"3 Darklings","floor":37,"turns":4},{"damage":0,"enemies":"Reptomancer","floor":40,"turns":4},{"damage":0,"enemies":"Transient","floor":41,"turns":6},{"damage":0,"enemies":"Giant Head","floor":44,"turns":4},{"damage":0,"enemies":"Spire Growth","floor":46,"turns":4},{"damage":0,"enemies":"Reptomancer","floor":48,"turns":4},{"damage":0,"enemies":"Awakened One","floor":50,"turns":9},{"damage":13,"enemies":"Donu and Deca","floor":51,"turns":7},{"damage":0,"enemies":"Shield and Spear","floor":55,"turns":6},{"damage":66,"enemies":"The Heart","floor":56,"turns":3}],"green_key_taken_log":40,"seed_played":"906936309211307937","neow_bonus_log":{"cardsObtained":[],"cardsUpgraded":[],"cardsRemoved":[],"cardsTransformed":[],"relicsObtained":[],"maxHpGained":0,"goldGained":0,"damageTaken":0,"goldLost":0,"maxHpLost":0},"potions_obtained":[{"floor":4.0,"key":"EssenceOfSteel"},{"floor":12.0,"key":"SmokeBomb"},{"floor":14.0,"key":"GamblersBrew"},{"floor":18.0,"key":"Fruit Juice"},{"floor":19.0,"key":"ColorlessPotion"},{"floor":23.0,"key":"CunningPotion"},{"floor":31,"key":"Poison Potion"},{"floor":35,"key":"DistilledChaos"},{"floor":41,"key":"Ancient Potion"}],"is_trial":false,"path_per_floor":["M","?","?","M","M","R","?","R","T","R","M","E","?","E","R","B",null,"M","M","?","$","$","E","M","M","T","R","E","R","$","E","R","B",null,"M","?","M","$","?","E","M","R","T","E","R","M","R","E","R","B","B",null,"R","$","E","B"],"character_chosen":"THE_SILENT","basemod:card_modifiers":[null,null,null,null,null,null,null,null,null,null,null,null,null,null,null,null,null,null,null,null,null,null,null,null,null,null,null,null,null,null,null,null,null,null,null,null,null,null],"items_purchased":["Reflex","ClockworkSouvenir","Grand Finale","OrangePellets","SteroidPotion","Caltrops+1"],"campfire_rested":2,"item_purchase_floors":[22,22,30,38,54,54],"current_hp_per_floor":[55,44,44,43,43,43,36,36,36,55,54,53,53,40,40,38,59,57,55,55,55,55,49,46,32,32,32,23,44,44,41,41,30,61,61,61,61,61,61,61,61,61,61,61,61,61,61,61,61,61,48,62,62,62,62,0],"gold":58,"neow_bonus":"THREE_CARDS","is_prod":false,"is_daily":false,"rewards_skipped":[{"floor":46,"relics":[],"potions":["Energy Potion"]},{"floor":48,"relics":[],"potions":["FearPotion"]},{"floor":55,"relics":[],"potions":["Weak Potion"]}],"chose_seed":false,"campfire_upgraded":9,"win_rate":0,"floor_exit_playtime":[54,59,63,101,125,131,141,152,159,166,199,341,350,448,456,677,705,769,899,918,947,978,1220,1306,1385,1388,1430,1528,1532,1548,1828,1840,1994,2019,2094,2111,2268,2311,2328,2552,2919,2931,2934,3195,3225,3376,3388,3690,3694,4325,4679,4690,4718,4755,5180],"timestamp":1681177818,"blue_key_relic_skipped_log":{"floor":9,"relicID":"Tiny Chest"},"path_taken":["M","?","?","M","M","R","?","R","T","R","M","E","?","E","R","BOSS","M","M","?","?","$","E","M","M","T","R","E","R","$","E","R","BOSS","M","?","M","$","?","E","M","R","T","E","R","M","R","E","R","BOSS","BOSS","R","$","E","BOSS"],"build_version":"2022-12-18","purchased_purges":1,"victory":false,"max_hp_per_floor":[66,66,66,66,66,66,66,66,66,66,66,66,66,66,66,66,66,66,71,71,71,71,71,71,71,71,71,71,71,71,71,71,71,71,71,71,71,71,67,67,67,67,67,67,67,67,67,67,67,67,67,67,67,67,67,67],"relic_stats":{"Ice Cream":[113],"OrangePellets":[5],"Nunchaku":[26],"counters":[27,142],"Astrolabe":["Bullet Time","After Image","Acrobatics"],"Nloth\u0027s Gift":3,"Bag of Preparation":[24],"Kunai":[98],"Cursed Key":0,"obtain_stats":[{"Ice Cream":23,"Lantern":14,"Astrolabe":34,"Bag of Preparation":31,"Frozen Egg 2":40,"Smiling Mask":12,"Cursed Key":17,"White Beast Statue":48,"ClockworkSouvenir":22,"OrangePellets":38,"Nunchaku":28,"Anchor":44,"Nloth\u0027s Gift":20,"Bag of Marbles":55,"Kunai":2,"Ring of the Snake":0},{"Ice Cream":11,"Lantern":7,"Astrolabe":16,"Bag of Preparation":15,"Frozen Egg 2":19,"Smiling Mask":5,"Cursed Key":8,"White Beast Statue":23,"ClockworkSouvenir":10,"OrangePellets":18,"Nunchaku":14,"Anchor":21,"Nloth\u0027s Gift":10,"Bag of Marbles":26,"Kunai":1,"Ring of the Snake":0},{"Ice Cream":65,"Lantern":31,"Astrolabe":88,"Bag of Preparation":82,"Frozen Egg 2":99,"Smiling Mask":23,"Cursed Key":50,"White Beast Statue":117,"ClockworkSouvenir":60,"OrangePellets":95,"Nunchaku":75,"Anchor":109,"Nloth\u0027s Gift":60,"Bag of Marbles":139,"Kunai":4,"Ring of the Snake":0}],"White Beast Statue":[0.0,0.0,0.0,0.4,0.0,0.6000000000000001,0.0,0.0,0.0,0.0,0.0,0.4],"Ring of the Snake":[56]},"card_choices":[{"not_picked":["Escape Plan","Tactician"],"picked":"Skewer","floor":0.0},{"not_picked":["Poisoned Stab","Deflect"],"picked":"Backstab","floor":1.0},{"not_picked":["Outmaneuver","Sucker Punch"],"picked":"Well Laid Plans","floor":4.0},{"not_picked":["Riddle With Holes","Finisher","Well Laid Plans"],"picked":"SKIP","floor":5.0},{"not_picked":["Dagger Spray","Expertise"],"picked":"Endless Agony","floor":11.0},{"not_picked":["Acrobatics","Malaise"],"picked":"Die Die Die","floor":12.0},{"not_picked":["Escape Plan","Infinite Blades"],"picked":"Leg Sweep","floor":14.0},{"not_picked":["Envenom","Unload"],"picked":"Glass Knife","floor":16.0},{"not_picked":["Setup","Cloak And Dagger"],"picked":"Underhanded Strike","floor":18.0},{"not_picked":["Dagger Spray","Expertise"],"picked":"Prepared","floor":19.0},{"not_picked":["Deadly Poison","Catalyst"],"picked":"Escape Plan","floor":23.0},{"not_picked":["Masterful Stab","Finisher"],"picked":"Dagger Throw+1","floor":24.0},{"not_picked":["Masterful Stab","Dash"],"picked":"Caltrops","floor":25.0},{"not_picked":["Well Laid Plans","Flying Knee"],"picked":"Eviscerate","floor":28},{"not_picked":["Deadly Poison","Bullet Time"],"picked":"Footwork","floor":31},{"not_picked":["Phantasmal Killer","Glass Knife"],"picked":"Adrenaline","floor":33},{"not_picked":["Deadly Poison+1","Outmaneuver"],"picked":"Prepared+1","floor":35},{"not_picked":["Dagger Throw","Cloak And Dagger"],"picked":"Reflex+1","floor":37},{"not_picked":["Skewer","Sucker Punch","Catalyst"],"picked":"SKIP","floor":40},{"not_picked":["Deflect+1","Dagger Spray"],"picked":"Outmaneuver+1","floor":41},{"not_picked":["Crippling Poison+1","Bane"],"picked":"Burst","floor":44},{"not_picked":["Dagger Throw","Finisher"],"picked":"Predator","floor":46},{"not_picked":["Unload","Venomology"],"picked":"Adrenaline","floor":48},{"not_picked":["Masterful Stab+1","Distraction+1"],"picked":"Flechettes","floor":55}],"player_experience":1677764,"relics_obtained":[{"floor":12.0,"key":"Smiling Mask"},{"floor":14.0,"key":"Lantern"},{"floor":23.0,"key":"Ice Cream"},{"floor":28,"key":"Nunchaku"},{"floor":31,"key":"Bag of Preparation"},{"floor":40,"key":"Frozen Egg 2"},{"floor":44,"key":"Anchor"},{"floor":48,"key":"White Beast Statue"},{"floor":55,"key":"Bag of Marbles"}],"event_choices":[{"damage_healed":0.0,"max_hp_gain":0.0,"max_hp_loss":0.0,"gold_gain":0.0,"event_name":"Scrap Ooze","player_choice":"Success","floor":2.0,"gold_loss":0.0,"damage_taken":11.0,"relics_obtained":["Kunai"]},{"damage_healed":0.0,"max_hp_gain":0.0,"max_hp_loss":0.0,"gold_gain":0.0,"event_name":"Liars Game","player_choice":"Ignored","floor":3.0,"gold_loss":0.0,"damage_taken":0.0},{"cards_removed":["Strike_G"],"damage_healed":0.0,"max_hp_gain":0.0,"max_hp_loss":0.0,"gold_gain":0.0,"event_name":"Golden Wing","player_choice":"Card Removal","floor":7.0,"gold_loss":0.0,"damage_taken":7.0},{"damage_healed":0.0,"max_hp_gain":0.0,"max_hp_loss":0.0,"gold_gain":0.0,"event_name":"Dead Adventurer","player_choice":"Searched \u00271\u0027 times","floor":13.0,"gold_loss":0.0,"damage_taken":0.0},{"damage_healed":0.0,"max_hp_gain":0.0,"max_hp_loss":0.0,"gold_gain":0.0,"event_name":"N\u0027loth","player_choice":"Traded Relic","floor":20.0,"relics_lost":["Smiling Mask"],"gold_loss":0.0,"damage_taken":0.0,"relics_obtained":["Nloth\u0027s Gift"]},{"damage_healed":0,"gold_gain":0,"player_choice":"2 cards matched","damage_taken":0,"max_hp_gain":0,"max_hp_loss":0,"event_name":"Match and Keep!","floor":36,"gold_loss":0,"cards_obtained":["Expertise","Tools of the Trade"]},{"damage_healed":0,"gold_gain":0,"player_choice":"Max HP","damage_taken":0,"max_hp_gain":0,"max_hp_loss":4,"event_name":"Winding Halls","floor":39,"gold_loss":0}],"is_beta":false,"boss_relics":[{"not_picked":["Runic Pyramid","Sozu"],"picked":"Cursed Key"},{"not_picked":["Fusion Hammer","HoveringKite"],"picked":"Astrolabe"}],"items_purged_floors":[21],"is_endless":false,"potions_floor_spawned":[4,12,13,14,18,19,23,31,35,41,46,48,55],"killed_by":"The Heart","ascension_level":20,"potion_discard_per_floor":[[],[],[],[],[],[],[],[],[],[],[],[],[],[],[],[],[],[],[],[],[],[],[],[],[],[],[],[],[],[],[],[],[],[],[],[],[],[],[],[],[],[],[],[],[],[],[],[],[],[],[],[],[],[],[],[]]}