{"neow_bonuses_skipped_log":["HUNDRED_GOLD","REMOVE_TWO","BOSS_RELIC"],"potions_obtained_entropic_brew":[[],[],[],[],[],[],[],[],[],[],[],[],[],[],[],[],[],[],[],[],[],[],[],[],[],[],[],[],[],[],[],[],[],[],[],[],[],[],[],[],[],[],[],[],[],[],[],[],[],[],[],[],[],[],[],[],[]],"neow_costs_skipped_log":["NONE","PERCENT_DAMAGE","NONE"],"gold_per_floor":[115,129,109,122,139,173,191,191,263,263,297,311,342,359,359,430,430,443,443,43,59,71,71,71,71,117,128,155,155,167,182,182,261,261,280,280,293,312,212,212,241,241,318,343,343,356,384,384,384,384,384,384,384,89,119,119],"floor_reached":57,"playtime":4961,"items_purged":["Strike_G","Defend_G","Defend_G"],"score":3118,"play_id":"cdd0f534-d0e5-4c5b-960f-4e51c8c2a233","local_time":"20230413160716","score_breakdown":["Floors Climbed (57): 285","Enemies Slain (17): 34","Exordium Elites Killed (3): 30","City Elites Killed (1): 20","Beyond Elites Killed (3): 90","Bosses Slain (5): 750","Champion (4): 100","Perfect (2): 100","C-c-c-combo: 25","Ascension (20): 1434","Heartbreaker: 250"],"is_ascension_mode":true,"potions_obtained_alchemize":[["SneckoOil"],["Fire Potion"],[],["Block Potion"],["ColorlessPotion"],["PowerPotion"],["LiquidBronze"],[],[],[],["LiquidMemories"],[],[],["Fire Potion"],[],["EssenceOfSteel"],[],["Fire Potion"],[],[],["ColorlessPotion"],["Swift Potion"],[],[],[],[],["Strength Potion"],["Poison Potion"],[],["CunningPotion"],[],[],["LiquidMemories"],[],["SkillPotion"],[],["LiquidBronze"],["Block Potion"],[],[],[],[],[],["Poison Potion"],[],["AttackPotion"],["FairyPotion"],[],[],["Swift Potion"],["Poison Potion"],[],[],[],["Block Potion"],["Strength Potion"],[]],"campfire_choices":[{"data":"Venomology","floor":8,"key":"SMITH"},{"floor":10,"key":"REST"},{"floor":15,"key":"REST"},{"data":"A Thousand Cuts","floor":23,"key":"SMITH"},{"data":"Acrobatics","floor":29,"key":"SMITH"},{"data":"Footwork","floor":32,"key":"SMITH"},{"data":"Backflip","floor":40,"key":"SMITH"},{"floor":45,"key":"RECALL"},{"data":"Neutralize","floor":49,"key":"SMITH"},{"data":"Survivor","floor":53,"key":"SMITH"}],"lesson_learned_per_floor":[[],[],[],[],[],[],[],[],[],[],[],[],[],[],[],[],[],[],[],[],[],[],[],[],[],[],[],[],[],[],[],[],[],[],[],[],[],[],[],[],[],[],[],[],[],[],[],[],[],[],[],[],[],[],[],[],[]],"neow_cost":"NONE","improvable_cards":{},"seed_source_timestamp":126702045980300,"shop_contents":[{"floor":20,"relics":["Nunchaku","HandDrill"],"cards":["Dagger Spray","Poisoned Stab","Prepared+1","Deflect+1","Noxious Fumes","Madness+1","Sadistic Nature"],"potions":["Regen Potion","Fire Potion","GhostInAJar"]},{"floor":39,"relics":["Boot","Ice Cream","Chemical X"],"cards":["Dagger Throw","Masterful Stab","Corpse Explosion+1","Reflex+1","Infinite Blades","Mind Blast","Secret Technique+1"],"potions":["Block Potion","Ancient Potion","Fire Potion"]},{"floor":54,"relics":["InkBottle","Blood Vial","TwistedFunnel"],"cards":["Masterful Stab","Choke","Acrobatics+1","Accuracy","Swift Strike","Master of Strategy+1"],"potions":["Weak Potion","Energy Potion"]}],"circlet_count":0,"master_deck":["AscendersBane","Strike_G+1","Strike_G+1","Defend_G","Defend_G","Survivor+1","Neutralize+1","Venomology+1","Slice","Backflip+1","Bouncing Flask","Acrobatics+1","Dodge and Roll+1","Reflex+1","Escape Plan+1","Footwork+1","A Thousand Cuts+1","Prepared+1","Calculated Gamble+1","Reflex+1","Acrobatics+1","Well Laid Plans+1","Madness+1","Madness+1","Prepared+1"],"potion_use_per_floor":[["SneckoOil"],[],[],[],["Block Potion"],["ColorlessPotion","Fire Potion"],["PowerPotion"],[],[],[],["CultistPotion"],[],["LiquidMemories"],["SkillPotion","Fire Potion"],[],["LiquidBronze","Energy Potion","EssenceOfSteel"],[],["Fire Potion"],[],[],["Weak Potion","ColorlessPotion"],[],[],[],[],[],[],["Block Potion","Swift Potion"],[],["Poison Potion"],[],[],["CunningPotion"],[],[],[],["SkillPotion"],["LiquidBronze"],[],[],[],[],[],["LiquidMemories"],[],["SkillPotion"],[],[],[],["Block Potion"],["Swift Potion","Poison Potion"],[],[],[],[],["Block Potion","Strength Potion","GhostInAJar"],[]],"relics":["Ring of the Snake","Whetstone","Toxic Egg 2","Bird Faced Urn","Regal Pillow","Coffee Dripper","Tingsha","MealTicket","Tough Bandages","Empty Cage","Dream Catcher","Anchor","Gremlin Horn","PreservedInsect","Blue Candle","Orichalcum"],"potions_floor_usage":[1,5,6,6,7,11,13,14,14,16,16,16,18,21,21,28,28,30,33,37,38,44,46,50,51,51,56,56,56],"damage_taken":[{"damage":16,"enemies":"Jaw Worm","floor":1,"turns":5},{"damage":3,"enemies":"Cultist","floor":2,"turns":4},{"damage":1,"enemies":"2 Louse","floor":4,"turns":3},{"damage":0,"enemies":"Looter","floor":5,"turns":3},{"damage":11,"enemies":"Gremlin Nob","floor":6,"turns":3},{"damage":1,"enemies":"Exordium Wildlife","floor":7,"turns":4},{"damage":16,"enemies":"Lagavulin","floor":11,"turns":7},{"damage":0,"enemies":"Blue Slaver","floor":12,"turns":6},{"damage":18,"enemies":"Gremlin Nob","floor":13,"turns":4},{"damage":7,"enemies":"Gremlin Gang","floor":14,"turns":5},{"damage":16,"enemies":"The Guardian","floor":16,"turns":10},{"damage":20,"enemies":"Chosen","floor":18,"turns":7},{"damage":4,"enemies":"2 Thieves","floor":21,"turns":5},{"damage":3,"enemies":"Centurion and Healer","floor":22,"turns":7},{"damage":4,"enemies":"Snake Plant","floor":27,"turns":3},{"damage":15,"enemies":"Slavers","floor":28,"turns":5},{"damage":0,"enemies":"3 Cultists","floor":30,"turns":2},{"damage":12,"enemies":"Snecko","floor":31,"turns":7},{"damage":0,"enemies":"Collector","floor":33,"turns":6},{"damage":0,"enemies":"Orb Walker","floor":35,"turns":2},{"damage":0,"enemies":"3 Darklings","floor":37,"turns":3},{"damage":0,"enemies":"Spire Growth","floor":38,"turns":3},{"damage":0,"enemies":"Giant Head","floor":41,"turns":6},{"damage":0,"enemies":"Reptomancer","floor":44,"turns":2},{"damage":5,"enemies":"Jaw Worm Horde","floor":46,"turns":3},{"damage":0,"enemies":"Giant Head","floor":47,"turns":3},{"damage":1,"enemies":"Awakened One","floor":50,"turns":5},{"damage":24,"enemies":"Donu and Deca","floor":51,"turns":6},{"damage":1,"enemies":"Shield and Spear","floor":55,"turns":2},{"damage":3,"enemies":"The Heart","floor":56,"turns":7}],"green_key_taken_log":41,"seed_played":"1629606405287113348","neow_bonus_log":{"cardsObtained":["Venomology"],"cardsUpgraded":[],"cardsRemoved":[],"cardsTransformed":[],"relicsObtained":[],"maxHpGained":0,"goldGained":0,"damageTaken":0,"goldLost":0,"maxHpLost":0},"potions_obtained":[{"floor":3,"key":"Ancient Potion"},{"floor":6,"key":"CultistPotion"},{"floor":13,"key":"SkillPotion"},{"floor":14,"key":"Energy Potion"},{"floor":18,"key":"Weak Potion"},{"floor":27,"key":"Block Potion"},{"floor":31,"key":"Energy Potion"},{"floor":44,"key":"SkillPotion"}],"is_trial":false,"path_per_floor":["M","M","?","M","M","E","M","R","T","R","E","M","E","M","R","B",null,"M","?","$","M","M","R","?","?","T","M","E","R","M","M","R","B",null,"M","?","M","M","$","R","E","?","T","E","R","M","E","T","R","B","B",null,"R","$","E","B",null],"character_chosen":"THE_SILENT","basemod:card_modifiers":[null,null,null,null,null,null,null,null,null,null,null,null,null,null,null,null,null,null,null,null,null,null,null,null,null],"items_purchased":["Tingsha","Prepared+1","GhostInAJar"],"campfire_rested":2,"item_purchase_floors":[20,54,54],"current_hp_per_floor":[43,40,40,39,39,28,27,27,27,46,30,30,12,5,39,25,56,40,40,40,40,41,41,41,41,41,41,30,30,34,26,26,30,57,61,61,66,66,66,66,66,54,54,60,60,61,66,66,66,65,46,61,61,66,66,66],"gold":119,"neow_bonus":"ONE_RANDOM_RARE_CARD","is_prod":false,"is_daily":false,"rewards_skipped":[{"floor":7,"relics":[],"potions":["Strength Potion"]},{"floor":11,"relics":[],"potions":["LiquidMemories"]},{"floor":35,"relics":[],"potions":["FearPotion"]},{"floor":38,"relics":[],"potions":["Energy Potion"]},{"floor":55,"relics":[],"potions":["Strength Potion"]}],"chose_seed":false,"campfire_upgraded":7,"win_rate":0,"floor_exit_playtime":[120,158,164,211,285,340,422,429,431,438,540,616,664,751,753,883,900,990,1014,1089,1202,1357,1363,1372,1394,1400,1483,1566,1572,1635,1716,1722,1950,1971,2038,2053,2160,2260,2278,2291,2575,2582,2585,2710,2727,2827,3001,3004,3010,3542,4313,4324,4331,4394,4521,4961],"timestamp":1681416436,"blue_key_relic_skipped_log":{"floor":43,"relicID":"Molten Egg 2"},"path_taken":["M","M","?","M","M","E","M","R","T","R","E","M","E","?","R","BOSS","M","?","$","M","M","R","?","?","T","?","E","R","M","M","R","BOSS","M","?","?","M","$","R","E","?","T","E","R","M","E","?","R","BOSS","BOSS","R","$","E","BOSS"],"build_version":"2022-12-18","purchased_purges":3,"victory":true,"max_hp_per_floor":[66,66,66,66,66,66,66,66,66,66,66,66,66,66,66,66,66,66,66,66,66,66,66,66,66,66,66,66,66,66,66,66,66,66,66,66,66,66,66,66,66,66,66,66,66,66,66,66,66,66,66,66,66,66,66,66],"relic_stats":{"Regal Pillow":15,"Gremlin Horn":[5,7],"counters":[30,138],"Blue Candle":[4],"Tingsha":[2240],"PreservedInsect":77,"Whetstone":["Strike_G","Strike_G"],"Orichalcum":[0],"Tough Bandages":[2235],"Dream Catcher":0,"Bird Faced Urn":[69],"MealTicket":5,"obtain_stats":[{"Regal Pillow":13,"Gremlin Horn":44,"Blue Candle":48,"Tingsha":20,"PreservedInsect":47,"Whetstone":6,"Orichalcum":55,"Empty Cage":34,"Tough Bandages":28,"Dream Catcher":36,"Anchor":41,"Bird Faced Urn":11,"MealTicket":26,"Coffee Dripper":17,"Toxic Egg 2":9,"Ring of the Snake":0},{"Regal Pillow":9,"Gremlin Horn":24,"Blue Candle":26,"Tingsha":12,"PreservedInsect":26,"Whetstone":5,"Orichalcum":29,"Empty Cage":19,"Tough Bandages":16,"Dream Catcher":20,"Anchor":23,"Bird Faced Urn":7,"MealTicket":14,"Coffee Dripper":11,"Toxic Egg 2":6,"Ring of the Snake":0},{"Regal Pillow":39,"Gremlin Horn":112,"Blue Candle":118,"Tingsha":61,"PreservedInsect":118,"Whetstone":18,"Orichalcum":131,"Empty Cage":96,"Tough Bandages":81,"Dream Catcher":98,"Anchor":110,"Bird Faced Urn":29,"MealTicket":73,"Coffee Dripper":54,"Toxic Egg 2":22,"Ring of the Snake":0}],"Ring of the Snake":[60]},"card_choices":[{"not_picked":["Cloak And Dagger","Flying Knee"],"picked":"Slice","floor":1},{"not_picked":["Prepared","Bane"],"picked":"Backflip","floor":2},{"not_picked":["Flying Knee","Bane"],"picked":"Bouncing Flask","floor":4},{"not_picked":["Bouncing Flask","Tactician","Choke"],"picked":"SKIP","floor":5},{"not_picked":["Riddle With Holes","Endless Agony"],"picked":"Acrobatics","floor":6},{"not_picked":["Skewer","Backflip","Malaise"],"picked":"SKIP","floor":7},{"not_picked":["Deadly Poison+1","Quick Slash"],"picked":"Dodge and Roll+1","floor":11},{"not_picked":["Escape Plan+1","Deflect+1"],"picked":"Reflex+1","floor":12},{"not_picked":["Choke","Slice"],"picked":"Escape Plan+1","floor":13},{"not_picked":["Underhanded Strike","Flying Knee"],"picked":"Footwork","floor":14},{"not_picked":["Storm of Steel+1","Unload"],"picked":"A Thousand Cuts","floor":16},{"not_picked":["Cloak And Dagger+1","Dagger Spray"],"picked":"Prepared+1","floor":18},{"not_picked":["Endless Agony","Dodge and Roll+1","Infinite Blades","Cloak And Dagger+1","Bane","Deflect+1","Acrobatics+1","Accuracy","Riddle With Holes","Bouncing Flask+1","Dagger Throw","Flying Knee","Blade Dance+1","Outmaneuver+1","Backflip+1","PiercingWail+1","Well Laid Plans","Quick Slash","Poisoned Stab"],"picked":"Calculated Gamble+1","floor":19},{"not_picked":["Dagger Throw","Sucker Punch","Slice"],"picked":"SKIP","floor":21},{"not_picked":["Slice","Poisoned Stab"],"picked":"Reflex+1","floor":22},{"not_picked":["PiercingWail+1","Masterful Stab","Grand Finale"],"picked":"SKIP","floor":27},{"not_picked":["All Out Attack","Catalyst+1","A Thousand Cuts"],"picked":"SKIP","floor":28},{"not_picked":["Expertise+1","Accuracy"],"picked":"Acrobatics+1","floor":30},{"not_picked":["Infinite Blades+1","Backstab","Sucker Punch"],"picked":"SKIP","floor":31},{"not_picked":["Grand Finale","A Thousand Cuts","Wraith Form v2"],"picked":"SKIP","floor":33},{"not_picked":["Quick Slash+1","Choke+1"],"picked":"Well Laid Plans+1","floor":35},{"not_picked":["PiercingWail+1","Footwork","Endless Agony"],"picked":"SKIP","floor":37},{"not_picked":["Leg Sweep+1","Quick Slash+1","Acrobatics+1"],"picked":"SKIP","floor":38},{"not_picked":["Endless Agony","Crippling Poison+1","Cloak And Dagger+1"],"picked":"SKIP","floor":41},{"not_picked":["Grand Finale","Caltrops+1","Bane"],"picked":"SKIP","floor":44},{"not_picked":["Underhanded Strike+1","Infinite Blades","All Out Attack"],"picked":"SKIP","floor":46},{"not_picked":["Acrobatics+1","Skewer","Masterful Stab"],"picked":"SKIP","floor":47},{"not_picked":["PiercingWail+1","Backflip+1","Caltrops"],"picked":"SKIP","floor":55}],"player_experience":1753066,"relics_obtained":[{"floor":6,"key":"Whetstone"},{"floor":9,"key":"Toxic Egg 2"},{"floor":11,"key":"Bird Faced Urn"},{"floor":13,"key":"Regal Pillow"},{"floor":26,"key":"MealTicket"},{"floor":28,"key":"Tough Bandages"},{"floor":36,"key":"Dream Catcher"},{"floor":41,"key":"Anchor"},{"floor":44,"key":"Gremlin Horn"},{"floor":47,"key":"PreservedInsect"},{"floor":48,"key":"Blue Candle"},{"floor":55,"key":"Orichalcum"}],"event_choices":[{"damage_healed":0,"gold_gain":0,"player_choice":"Bought 1 Potion","damage_taken":0,"max_hp_gain":0,"max_hp_loss":0,"event_name":"The Woman in Blue","floor":3,"gold_loss":0},{"damage_healed":0,"gold_gain":0,"player_choice":"Read","damage_taken":0,"max_hp_gain":0,"max_hp_loss":0,"event_name":"The Library","floor":19,"gold_loss":0,"cards_obtained":["Calculated Gamble"]},{"cards_removed":["Strike_G"],"damage_healed":0,"gold_gain":0,"player_choice":"Elegance","damage_taken":0,"max_hp_gain":0,"max_hp_loss":0,"event_name":"Back to Basics","floor":24,"gold_loss":0},{"damage_healed":0,"gold_gain":0,"player_choice":"Ignored","damage_taken":0,"max_hp_gain":0,"max_hp_loss":0,"event_name":"Cursed Tome","floor":25,"gold_loss":0},{"damage_healed":0,"gold_gain":0,"player_choice":"Relic","damage_taken":0,"max_hp_gain":0,"max_hp_loss":0,"event_name":"Wheel of Change","floor":36,"gold_loss":0},{"damage_healed":0,"gold_gain":0,"player_choice":"Embrace Madness","damage_taken":12,"max_hp_gain":0,"max_hp_loss":0,"event_name":"Winding Halls","floor":42,"gold_loss":0,"cards_obtained":["Madness","Madness"]}],"is_beta":false,"boss_relics":[{"not_picked":["Velvet Choker","Ring of the Serpent"],"picked":"Coffee Dripper"},{"not_picked":["SacredBark","Sozu"],"picked":"Empty Cage"}],"items_purged_floors":[20,39,54],"is_endless":false,"potions_floor_spawned":[6,7,11,13,14,18,27,31,35,38,44,55],"ascension_level":20,"potion_discard_per_floor":[[],[],[],["Ancient Potion"],[],[],[],[],[],[],[],[],[],[],[],[],[],[],[],[],[],[],[],[],[],[],["Strength Potion"],[],[],[],[],[],[],[],["Energy Potion"],[],[],[],[],[],[],[],[],["Poison Potion"],[],[],["AttackPotion"],[],[],[],[],[],[],[],["FairyPotion"],[],[]]}