{"neow_bonuses_skipped_log":["TRANSFORM_CARD","THREE_RARE_CARDS","BOSS_RELIC"],"potions_obtained_entropic_brew":[[],[],[],[],[],[],[],[],[],[],[],[],[],[],[],[],[],[],[],[]],"neow_costs_skipped_log":["NONE","NO_GOLD","NONE"],"gold_per_floor":[112,112,124,134,46,74,74,94,121,131,144,144,124,157,157,228,228,238,250,250],"floor_reached":20,"playtime":1396,"items_purged":[],"score":422,"play_id":"ea55f7b3-54c0-4a9e-b05e-53fa6c21ea93","local_time":"20230418180107","score_breakdown":["Floors Climbed (20): 100","Enemies Slain (8): 16","Exordium Elites Killed (2): 20","City Elites Killed (0): 0","Bosses Slain (1): 50","Champion (1): 25","Ascension (20): 211"],"is_ascension_mode":true,"potions_obtained_alchemize":[[],[],[],[],[],[],[],[],[],[],[],[],[],[],[],[],[],[],[],[]],"campfire_choices":[{"data":"Blade Dance","floor":7,"key":"SMITH"},{"data":"Cloak And Dagger","floor":15,"key":"SMITH"}],"lesson_learned_per_floor":[[],[],[],[],[],[],[],[],[],[],[],[],[],[],[],[],[],[],[],[]],"neow_cost":"NONE","improvable_cards":{},"seed_source_timestamp":569099798757300,"shop_contents":[{"floor":5,"relics":["Frozen Egg 2","StrikeDummy","PrismaticShard"],"cards":["Poisoned Stab","Deadly Poison","PiercingWail","Infinite Blades","Trip","Mayhem"],"potions":["Fire Potion","GamblersBrew","SteroidPotion"]}],"circlet_count":0,"master_deck":["AscendersBane","Strike_G","Strike_G","Strike_G","Strike_G","Strike_G","Defend_G","Defend_G","Defend_G","Defend_G","Survivor","Neutralize","Dagger Throw","Dagger Throw","Blade Dance+1","Glass Knife","Accuracy","Cloak And Dagger+1","Well Laid Plans","Accuracy","Doppelganger","CurseOfTheBell","Blade Dance","Outmaneuver+1"],"potion_use_per_floor":[[],[],[],[],[],["Block Potion"],[],[],[],[],[],[],[],["Regen Potion","FearPotion"],[],[],[],[],[],[]],"relics":["Ring of the Snake","Akabeko","Pen Nib","Juzu Bracelet","Oddly Smooth Stone","Calling Bell","Orichalcum","HornCleat","Ginger"],"potions_floor_usage":[6,14,14],"damage_taken":[{"damage":4,"enemies":"Jaw Worm","floor":1,"turns":4},{"damage":0,"enemies":"Small Slimes","floor":3,"turns":3},{"damage":0,"enemies":"Cultist","floor":4,"turns":2},{"damage":17,"enemies":"3 Sentries","floor":6,"turns":8},{"damage":4,"enemies":"Exordium Thugs","floor":8,"turns":3},{"damage":0,"enemies":"Exordium Wildlife","floor":10,"turns":2},{"damage":4,"enemies":"Lots of Slimes","floor":11,"turns":3},{"damage":0,"enemies":"Gremlin Nob","floor":14,"turns":2},{"damage":13,"enemies":"Hexaghost","floor":16,"turns":9},{"damage":11,"enemies":"Shell Parasite","floor":18,"turns":4},{"damage":16,"enemies":"Spheric Guardian","floor":19,"turns":4},{"damage":46,"enemies":"Shelled Parasite and Fungi","floor":20,"turns":3}],"seed_played":"4506666824386132337","neow_bonus_log":{"cardsObtained":[],"cardsUpgraded":[],"cardsRemoved":[],"cardsTransformed":[],"relicsObtained":["Akabeko"],"maxHpGained":0,"goldGained":0,"damageTaken":0,"goldLost":0,"maxHpLost":0},"potions_obtained":[{"floor":3,"key":"Block Potion"},{"floor":6,"key":"SkillPotion"},{"floor":8,"key":"CunningPotion"},{"floor":11,"key":"FearPotion"},{"floor":12,"key":"Regen Potion"},{"floor":18,"key":"LiquidBronze"}],"is_trial":false,"path_per_floor":["M","?","M","M","$","E","R","M","T","M","M","?","?","E","R","B",null,"M","M","M"],"character_chosen":"THE_SILENT","basemod:card_modifiers":[null,null,null,null,null,null,null,null,null,null,null,null,null,null,null,null,null,null,null,null,null,null,null,null],"items_purchased":["Glass Knife"],"campfire_rested":0,"item_purchase_floors":[5],"current_hp_per_floor":[55,48,48,48,48,31,31,27,27,27,23,23,23,28,28,15,53,42,26,0],"gold":250,"neow_bonus":"RANDOM_COMMON_RELIC","is_prod":false,"is_daily":false,"rewards_skipped":[{"floor":12,"relics":[],"potions":["SmokeBomb"]},{"floor":13,"relics":[],"potions":["Swift Potion"]}],"chose_seed":false,"campfire_upgraded":2,"win_rate":0,"floor_exit_playtime":[77,85,125,162,231,454,459,507,514,581,628,675,683,774,785,1046,1083,1162,1285],"timestamp":1681855267,"path_taken":["M","?","M","M","$","E","R","M","T","M","M","?","?","E","R","BOSS","M","M","M"],"build_version":"2022-12-18","purchased_purges":0,"victory":false,"max_hp_per_floor":[66,66,66,66,66,66,66,66,66,66,66,66,66,66,66,66,66,66,66,66],"relic_stats":{"counters":[12,47],"Pen Nib":[9],"Juzu Bracelet":1,"Ginger":[0],"Orichalcum":[30],"obtain_stats":[{"Calling Bell":17,"HornCleat":17,"Oddly Smooth Stone":14,"Pen Nib":6,"Juzu Bracelet":9,"Ginger":17,"Orichalcum":17,"Akabeko":0,"Ring of the Snake":0},{"Calling Bell":9,"HornCleat":9,"Oddly Smooth Stone":8,"Pen Nib":4,"Juzu Bracelet":5,"Ginger":9,"Orichalcum":9,"Akabeko":0,"Ring of the Snake":0},{"Calling Bell":36,"HornCleat":36,"Oddly Smooth Stone":27,"Pen Nib":17,"Juzu Bracelet":20,"Ginger":36,"Orichalcum":36,"Akabeko":0,"Ring of the Snake":0}],"Ring of the Snake":[24]},"card_choices":[{"not_picked":["Tactician","Underhanded Strike"],"picked":"Dagger Throw","floor":1},{"not_picked":["Poisoned Stab","Catalyst"],"picked":"Dagger Throw","floor":3},{"not_picked":["Leg Sweep","Outmaneuver"],"picked":"Blade Dance","floor":4},{"not_picked":["Concentrate","Expertise"],"picked":"Accuracy","floor":6},{"not_picked":["Leg Sweep","Tactician"],"picked":"Cloak And Dagger","floor":8},{"not_picked":["Eviscerate","Deflect","Cloak And Dagger"],"picked":"SKIP","floor":10},{"not_picked":["Concentrate","Prepared"],"picked":"Well Laid Plans","floor":11},{"not_picked":["Masterful Stab","Prepared"],"picked":"Accuracy","floor":14},{"not_picked":["Corpse Explosion","Wraith Form v2"],"picked":"Doppelganger","floor":16},{"not_picked":["Dagger Spray","Quick Slash"],"picked":"Blade Dance","floor":18},{"not_picked":["Calculated Gamble","Deflect"],"picked":"Outmaneuver+1","floor":19}],"player_experience":1813822,"relics_obtained":[{"floor":6,"key":"Pen Nib"},{"floor":9,"key":"Juzu Bracelet"},{"floor":14,"key":"Oddly Smooth Stone"},{"floor":17,"key":"Orichalcum"},{"floor":17,"key":"HornCleat"},{"floor":17,"key":"Ginger"}],"event_choices":[{"cards_removed":["Defend_G"],"damage_healed":0,"gold_gain":0,"player_choice":"Card Removal","damage_taken":7,"max_hp_gain":0,"max_hp_loss":0,"event_name":"Golden Wing","floor":2,"gold_loss":0},{"damage_healed":0,"gold_gain":0,"player_choice":"Got Potions","damage_taken":0,"max_hp_gain":0,"max_hp_loss":0,"event_name":"Lab","floor":12,"gold_loss":0},{"damage_healed":0,"gold_gain":0,"player_choice":"Bought 1 Potion","damage_taken":0,"max_hp_gain":0,"max_hp_loss":0,"event_name":"The Woman in Blue","floor":13,"gold_loss":0}],"is_beta":false,"boss_relics":[{"not_picked":["SlaversCollar","Busted Crown"],"picked":"Calling Bell"}],"items_purged_floors":[],"is_endless":false,"potions_floor_spawned":[3,6,8,11,18],"killed_by":"Shelled Parasite and Fungi","ascension_level":20,"potion_discard_per_floor":[[],[],[],[],[],[],[],[],[],[],["SkillPotion"],["CunningPotion"],[],[],[],[],[],[],[],[]]}