{"neow_bonuses_skipped_log":["RANDOM_COLORLESS","RANDOM_COMMON_RELIC","BOSS_RELIC"],"potions_obtained_entropic_brew":[[],[],[],[],[],[],[],[],[],[],[],[],[],[],[],[]],"neow_costs_skipped_log":["NONE","NONE","NONE"],"gold_per_floor":[117,117,132,151,167,167,198,210,222,234,259,301,324,362,374,386],"floor_reached":16,"playtime":666,"items_purged":[],"score":244,"play_id":"0dc8174a-ffbd-4019-99d5-b999f5520c79","local_time":"20230419172545","score_breakdown":["Floors Climbed (16): 80","Enemies Slain (6): 12","Exordium Elites Killed (3): 30","Bosses Slain (0): 0","Ascension (20): 122"],"is_ascension_mode":true,"potions_obtained_alchemize":[[],[],[],[],[],[],[],[],[],[],[],[],[],[],[],[]],"campfire_choices":[{"data":"All Out Attack","floor":6.0,"key":"SMITH"},{"floor":8.0,"key":"REST"},{"data":"The Bomb","floor":10.0,"key":"SMITH"},{"floor":15,"key":"REST"}],"lesson_learned_per_floor":[[],[],[],[],[],[],[],[],[],[],[],[],[],[],[],[]],"neow_cost":"CURSE","improvable_cards":{},"seed_source_timestamp":654107641979000,"shop_contents":[],"circlet_count":0,"master_deck":["AscendersBane","Strike_G","Strike_G","Strike_G","Strike_G","Strike_G","Defend_G","Defend_G","Defend_G","Defend_G","Defend_G","Survivor","Neutralize","The Bomb+1","Calculated Gamble","All Out Attack+1","All Out Attack","Backflip","Backstab","Expertise+1","Wraith Form v2"],"special_seed":0,"potion_use_per_floor":[[],[],[],[],[],[],[],[],[],[],[],[],[],[],[],["Energy Potion"]],"relics":["Ring of the Snake","MawBank","Bottled Flame","Toxic Egg 2","Letter Opener"],"potions_floor_usage":[16],"damage_taken":[{"damage":10.0,"enemies":"Jaw Worm","floor":1.0,"turns":5.0},{"damage":0.0,"enemies":"Cultist","floor":3.0,"turns":3.0},{"damage":0.0,"enemies":"Small Slimes","floor":4.0,"turns":3.0},{"damage":11.0,"enemies":"Blue Slaver","floor":5.0,"turns":4.0},{"damage":8.0,"enemies":"Gremlin Nob","floor":7.0,"turns":3.0},{"damage":0.0,"enemies":"Exordium Thugs","floor":11.0,"turns":4.0},{"damage":2.0,"enemies":"Lagavulin","floor":12.0,"turns":5.0},{"damage":0.0,"enemies":"Looter","floor":13.0,"turns":2.0},{"damage":42.0,"enemies":"Gremlin Nob","floor":14.0,"turns":4.0},{"damage":24,"enemies":"Slime Boss","floor":16,"turns":6}],"green_key_taken_log":12,"seed_played":"-4262609453509105206","neow_bonus_log":{"cardsObtained":["Regret"],"cardsUpgraded":[],"cardsRemoved":[],"cardsTransformed":[],"relicsObtained":[],"maxHpGained":0,"goldGained":0,"damageTaken":0,"goldLost":0,"maxHpLost":0},"potions_obtained":[{"floor":3.0,"key":"Explosive Potion"},{"floor":4.0,"key":"Energy Potion"},{"floor":12.0,"key":"SteroidPotion"}],"is_trial":false,"path_per_floor":["M","?","M","M","M","R","E","R","T","R","M","E","M","E","R","B"],"character_chosen":"THE_SILENT","basemod:card_modifiers":[null,null,null,null,null,null,null,null,null,null,null,null,null,null,null,null,null,null,null,null,null],"items_purchased":[],"campfire_rested":2,"item_purchase_floors":[],"current_hp_per_floor":[49,49,49,49,38,38,30,49,49,49,49,47,47,5,24,0],"gold":386,"neow_bonus":"RANDOM_COLORLESS_2","is_prod":false,"is_daily":false,"rewards_skipped":[{"floor":13,"relics":[],"potions":["Poison Potion"]},{"floor":14,"relics":[],"potions":["SmokeBomb"]}],"chose_seed":false,"campfire_upgraded":2,"win_rate":0,"floor_exit_playtime":[77,85,115,171,213,223,268,292,316,326,390,461,516,578,581],"timestamp":1681939545,"path_taken":["M","?","?","M","M","R","E","R","T","R","M","E","M","E","R","BOSS"],"build_version":"2022-12-18","purchased_purges":0,"victory":false,"max_hp_per_floor":[66,66,66,66,66,66,66,66,66,66,66,66,66,66,66,66],"relic_stats":{"Bottled Flame":"All Out Attack","counters":[10,39],"Letter Opener":[15],"MawBank":108,"obtain_stats":[{"Bottled Flame":9,"Letter Opener":14,"Toxic Egg 2":12,"MawBank":7,"Ring of the Snake":0},{"Bottled Flame":5,"Letter Opener":9,"Toxic Egg 2":7,"MawBank":5,"Ring of the Snake":0},{"Bottled Flame":18,"Letter Opener":33,"Toxic Egg 2":27,"MawBank":18,"Ring of the Snake":0}],"Ring of the Snake":[20]},"card_choices":[{"not_picked":["Metamorphosis","Transmutation"],"picked":"The Bomb","floor":0.0},{"not_picked":["Flechettes","Bane"],"picked":"Calculated Gamble","floor":1.0},{"not_picked":["Quick Slash","Dagger Throw"],"picked":"All Out Attack","floor":3.0},{"not_picked":["Heel Hook","Caltrops"],"picked":"All Out Attack","floor":4.0},{"not_picked":["Blur","Crippling Poison","PiercingWail"],"picked":"SKIP","floor":5.0},{"not_picked":["Heel Hook","Blade Dance"],"picked":"Backflip","floor":7.0},{"not_picked":["Slice","Noxious Fumes"],"picked":"Backstab","floor":11.0},{"not_picked":["Grand Finale","Underhanded Strike","Deadly Poison+1"],"picked":"SKIP","floor":12.0},{"not_picked":["Noxious Fumes","Catalyst+1"],"picked":"Expertise+1","floor":13.0},{"not_picked":["Dagger Spray","Blade Dance+1"],"picked":"Wraith Form v2","floor":14}],"player_experience":1820978,"relics_obtained":[{"floor":7.0,"key":"MawBank"},{"floor":9.0,"key":"Bottled Flame"},{"floor":12.0,"key":"Toxic Egg 2"},{"floor":14,"key":"Letter Opener"}],"event_choices":[{"cards_removed":["Regret"],"damage_healed":0.0,"max_hp_gain":0.0,"max_hp_loss":0.0,"gold_gain":0.0,"event_name":"Fountain of Cleansing","player_choice":"Removed Curses","floor":2.0,"gold_loss":0.0,"damage_taken":0.0}],"is_beta":false,"boss_relics":[],"items_purged_floors":[],"is_endless":false,"potions_floor_spawned":[3,4,12,13,14],"killed_by":"Slime Boss","ascension_level":20,"potion_discard_per_floor":[[],[],[],[],[],[],[],[],[],[],[],["Explosive Potion"],[],[],[],[]]}