{"neow_bonuses_skipped_log":["THREE_SMALL_POTIONS","TWENTY_PERCENT_HP_BONUS","BOSS_RELIC"],"neow_costs_skipped_log":["NONE","CURSE","NONE"],"potions_obtained_entropic_brew":[[],[],[],[],[],[],[],[],[],[],[],[],[],[],[],[],[],[],[],[],[],[],[],[],[],[],[],[],[],[],[],[],[],[],[],[],[],[],[],[],[],[],[],[],[],[],[],[],[],[],[],[],[],[],[],[],[]],"gold_per_floor":[116,116,136,154,168,168,203,223,249,282,296,316,334,365,365,461,461,486,505,520,520,535,535,559,432,510,550,550,41,81,101,101,192,192,217,230,230,245,263,303,303,303,303,136,136,469,469,500,500,500,500,500,500,52,86,86],"floor_reached":57,"playtime":5193,"items_purged":["Strike_G","Strike_G","All Out Attack","Blade Dance"],"score":2773,"play_id":"87101a9e-21ff-4aaa-b5d4-0600ac2620c2","local_time":"20230412175153","score_breakdown":["Floors Climbed (57): 285","Enemies Slain (17): 34","Exordium Elites Killed (3): 30","City Elites Killed (2): 40","Beyond Elites Killed (2): 60","Bosses Slain (5): 750","Money Money (1278): 25","Champion (2): 50","Ascension (20): 1249","Heartbreaker: 250"],"is_ascension_mode":true,"potions_obtained_alchemize":[[],[],[],[],[],[],[],[],[],[],[],[],[],[],[],[],[],[],[],[],[],[],[],[],[],[],[],[],[],[],[],[],[],[],[],[],[],[],[],[],[],[],[],[],[],[],[],[],[],[],[],[],[],[],[],[],[]],"campfire_choices":[{"data":"Predator","floor":6.0,"key":"SMITH"},{"data":"Noxious Fumes","floor":15.0,"key":"SMITH"},{"data":"Die Die Die","floor":23.0,"key":"SMITH"},{"data":"Adrenaline","floor":28.0,"key":"SMITH"},{"data":"Calculated Gamble","floor":32.0,"key":"SMITH"},{"data":"Acrobatics","floor":41.0,"key":"SMITH"},{"data":"Malaise","floor":45.0,"key":"SMITH"},{"data":"Backflip","floor":47.0,"key":"SMITH"},{"floor":49.0,"key":"RECALL"},{"floor":53.0,"key":"REST"}],"lesson_learned_per_floor":[[],[],[],[],[],[],[],[],[],[],[],[],[],[],[],[],[],[],[],[],[],[],[],[],[],[],[],[],[],[],[],[],[],[],[],[],[],[],[],[],[],[],[],[],[],[],[],[],[],[],[],[],[],[],[],[],[]],"neow_cost":"NONE","improvable_cards":{},"seed_source_timestamp":46146643157300,"shop_contents":[{"floor":25,"relics":["FossilizedHelix","Ginger","HandDrill"],"cards":["Dagger Throw","Predator","Backflip","Envenom","Flash of Steel","Thinking Ahead"],"potions":["FairyPotion","Energy Potion","SpeedPotion"]},{"floor":29,"relics":["Anchor","ClockworkSouvenir"],"cards":["Slice","Terror","Blind","Panache"],"potions":["LiquidBronze","Energy Potion","CunningPotion"]},{"floor":44,"relics":["Paper Crane","Girya","Cauldron"],"cards":["Dagger Throw","Dash","Cloak And Dagger","Infinite Blades","Madness","Violence"],"potions":["Fire Potion","DuplicationPotion","ColorlessPotion"]},{"floor":54,"relics":["Nunchaku","Lee\u0027s Waffle"],"cards":["Bane","Underhanded Strike","Distraction","Corpse Explosion","Caltrops","Deep Breath","HandOfGreed"],"potions":["Block Potion"]}],"circlet_count":0,"master_deck":["AscendersBane","Defend_G","Defend_G","Defend_G","Defend_G","Survivor","Neutralize","Predator+1","Noxious Fumes+1","Crippling Poison","Deadly Poison","Leg Sweep","Die Die Die+1","Tactician+1","Grand Finale+1","Tools of the Trade+1","Backflip+1","Backstab+1","Noxious Fumes","Acrobatics+1","Adrenaline+1","Footwork+1","Grand Finale","Calculated Gamble+1","Acrobatics+1","Flechettes","Malaise+1","Dodge and Roll+1","Catalyst","Reflex","Prepared","Outmaneuver+1"],"special_seed":0,"potion_use_per_floor":[[],[],[],[],[],[],["DuplicationPotion"],["BlessingOfTheForge"],[],["Explosive Potion"],[],["BlessingOfTheForge"],[],["Poison Potion"],[],[],[],[],[],["GamblersBrew"],[],[],[],[],[],[],[],[],[],[],[],[],["GhostInAJar"],[],[],[],[],[],[],["Fire Potion"],[],[],[],[],[],[],[],[],[],[],[],[],[],[],[],["PowerPotion","Ancient Potion"],[]],"relics":["Ring of the Snake","Meat on the Bone","Blood Vial","Snake Skull","Tiny Chest","Astrolabe","Letter Opener","Calipers","Bag of Preparation","Dream Catcher","Runic Pyramid","Incense Burner","Mango","White Beast Statue","Tough Bandages","Oddly Smooth Stone","Pantograph"],"potions_floor_usage":[56,56],"damage_taken":[{"damage":1.0,"enemies":"Small Slimes","floor":1.0,"turns":5.0},{"damage":4.0,"enemies":"Jaw Worm","floor":3.0,"turns":4.0},{"damage":4.0,"enemies":"Cultist","floor":4.0,"turns":3.0},{"damage":5.0,"enemies":"Exordium Thugs","floor":5.0,"turns":5.0},{"damage":14.0,"enemies":"Lagavulin","floor":7.0,"turns":5.0},{"damage":4.0,"enemies":"Large Slime","floor":8.0,"turns":6.0},{"damage":13.0,"enemies":"3 Sentries","floor":10.0,"turns":6.0},{"damage":3.0,"enemies":"Looter","floor":11.0,"turns":3.0},{"damage":5.0,"enemies":"Blue Slaver","floor":12.0,"turns":3.0},{"damage":12.0,"enemies":"Exordium Wildlife","floor":13.0,"turns":6.0},{"damage":20.0,"enemies":"Lagavulin","floor":14.0,"turns":5.0},{"damage":1.0,"enemies":"Hexaghost","floor":16.0,"turns":9.0},{"damage":0.0,"enemies":"3 Byrds","floor":18.0,"turns":4.0},{"damage":11.0,"enemies":"Shell Parasite","floor":19.0,"turns":3.0},{"damage":2.0,"enemies":"Cultist and Chosen","floor":20.0,"turns":4.0},{"damage":28.0,"enemies":"Shelled Parasite and Fungi","floor":22.0,"turns":8.0},{"damage":0.0,"enemies":"Gremlin Leader","floor":27.0,"turns":5.0},{"damage":21.0,"enemies":"Book of Stabbing","floor":30.0,"turns":5.0},{"damage":7.0,"enemies":"Snecko","floor":31.0,"turns":5.0},{"damage":12.0,"enemies":"Automaton","floor":33.0,"turns":7.0},{"damage":2.0,"enemies":"3 Darklings","floor":35.0,"turns":4.0},{"damage":0.0,"enemies":"3 Shapes","floor":36.0,"turns":4.0},{"damage":2.0,"enemies":"Sphere and 2 Shapes","floor":38.0,"turns":5.0},{"damage":3.0,"enemies":"4 Shapes","floor":39.0,"turns":4.0},{"damage":19.0,"enemies":"Reptomancer","floor":40.0,"turns":7.0},{"damage":0.0,"enemies":"Giant Head","floor":48.0,"turns":7.0},{"damage":5.0,"enemies":"Donu and Deca","floor":50.0,"turns":6.0},{"damage":19.0,"enemies":"Time Eater","floor":51.0,"turns":14.0},{"damage":30.0,"enemies":"Shield and Spear","floor":55.0,"turns":4.0},{"damage":8,"enemies":"The Heart","floor":56,"turns":9}],"green_key_taken_log":40,"seed_played":"7390412231541754431","neow_bonus_log":{"cardsObtained":[],"cardsUpgraded":[],"cardsRemoved":["Defend_G"],"cardsTransformed":[],"relicsObtained":[],"maxHpGained":0,"goldGained":0,"damageTaken":0,"goldLost":0,"maxHpLost":0},"potions_obtained":[{"floor":4.0,"key":"Explosive Potion"},{"floor":5.0,"key":"DuplicationPotion"},{"floor":7.0,"key":"BlessingOfTheForge"},{"floor":10.0,"key":"BlessingOfTheForge"},{"floor":11.0,"key":"Poison Potion"},{"floor":14.0,"key":"GamblersBrew"},{"floor":19.0,"key":"GhostInAJar"},{"floor":27.0,"key":"Fire Potion"},{"floor":33.0,"key":"FairyPotion"},{"floor":40.0,"key":"SneckoOil"},{"floor":48.0,"key":"Fire Potion"}],"is_trial":false,"path_per_floor":["M","?","M","M","M","R","E","M","T","E","M","M","M","E","R","B",null,"M","M","M","?","M","R","T","$","T","E","R","$","E","M","R","B",null,"M","M","?","M","M","E","R","T","T","$","R","?","R","E","R","B","B",null,"R","$","E","B",null],"character_chosen":"THE_SILENT","basemod:card_modifiers":[null,null,null,null,null,null,null,null,null,null,null,null,null,null,null,null,null,null,null,null,null,null,null,null,null,null,null,null,null,null,null,null],"items_purchased":["Acrobatics","Footwork","Bag of Preparation","Grand Finale","Calculated Gamble","Reflex","Oddly Smooth Stone","PowerPotion","Ancient Potion"],"campfire_rested":1,"item_purchase_floors":[25,29,29,29,29,44,54,54,54],"current_hp_per_floor":[58,58,54,50,45,45,31,39,39,40,39,36,38,32,32,33,53,55,46,46,46,32,32,32,32,32,34,34,34,27,34,34,36,54,54,56,56,56,55,38,38,52,52,52,52,52,52,54,54,51,46,67,74,74,44,63],"gold":86,"neow_bonus":"REMOVE_CARD","is_prod":false,"is_daily":false,"rewards_skipped":[{"floor":30,"relics":[],"potions":["AttackPotion"]},{"floor":36,"relics":[],"potions":["Fire Potion"]},{"floor":55,"relics":[],"potions":["Poison Potion"]}],"chose_seed":false,"campfire_upgraded":8,"win_rate":0,"floor_exit_playtime":[147,152,187,221,365,385,447,527,530,609,655,733,829,888,897,985,1036,1105,1164,1239,1249,1435,1464,1467,1531,1534,1635,1761,1820,1950,2085,2098,2809,2838,3027,3153,3171,3292,3418,3665,3690,3692,3698,3725,3740,3747,3778,4043,4048,4324,4686,4698,4711,4747,4863,5193],"timestamp":1681336313,"blue_key_relic_skipped_log":{"floor":24,"relicID":"MawBank"},"path_taken":["M","?","M","M","M","R","E","M","T","E","M","M","M","E","R","BOSS","M","M","M","?","M","R","?","$","T","E","R","$","E","M","R","BOSS","M","M","?","M","M","E","R","?","T","$","R","?","R","E","R","BOSS","BOSS","R","$","E","BOSS"],"build_version":"2022-12-18","purchased_purges":4,"victory":true,"max_hp_per_floor":[66,60,60,60,60,60,60,60,60,60,60,60,60,60,60,60,60,60,60,60,60,60,60,60,60,60,60,60,60,60,60,60,60,60,60,60,60,60,60,60,60,74,74,74,74,74,74,74,74,74,74,74,74,74,74,74],"relic_stats":{"Calipers":[175],"counters":[30,165],"Astrolabe":["Tactician","Grand Finale","Tools of the Trade"],"Snake Skull":[185],"Bag of Preparation":[26],"Letter Opener":[368],"White Beast Statue":[0.0,0.0,0.0,0.4,0.0,0.6000000000000001,0.0,0.0,0.0,0.0,0.0,0.9],"Blood Vial":46,"Dream Catcher":1,"Tough Bandages":[342],"Pantograph":25,"Tiny Chest":1,"obtain_stats":[{"Calipers":27,"Golden Idol":2,"Astrolabe":17,"Oddly Smooth Stone":54,"Mango":42,"Snake Skull":10,"Bag of Preparation":29,"Incense Burner":40,"Letter Opener":26,"White Beast Statue":43,"Blood Vial":9,"Dream Catcher":30,"Tough Bandages":48,"Pantograph":55,"Tiny Chest":14,"Ring of the Snake":0,"Meat on the Bone":7,"Runic Pyramid":34},{"Calipers":17,"Golden Idol":1,"Astrolabe":12,"Oddly Smooth Stone":28,"Mango":25,"Snake Skull":7,"Bag of Preparation":17,"Incense Burner":25,"Letter Opener":16,"White Beast Statue":25,"Blood Vial":6,"Dream Catcher":18,"Tough Bandages":26,"Pantograph":29,"Tiny Chest":11,"Ring of the Snake":0,"Meat on the Bone":5,"Runic Pyramid":20},{"Calipers":84,"Golden Idol":5,"Astrolabe":60,"Oddly Smooth Stone":152,"Mango":125,"Snake Skull":34,"Bag of Preparation":84,"Incense Burner":125,"Letter Opener":79,"White Beast Statue":125,"Blood Vial":28,"Dream Catcher":89,"Tough Bandages":132,"Pantograph":156,"Tiny Chest":51,"Ring of the Snake":0,"Meat on the Bone":22,"Runic Pyramid":101}],"Ring of the Snake":[60],"Meat on the Bone":108},"card_choices":[{"not_picked":["Dagger Throw","Accuracy"],"picked":"Blade Dance","floor":1.0},{"not_picked":["Dodge and Roll","Quick Slash"],"picked":"Predator","floor":3.0},{"not_picked":["Blade Dance","Infinite Blades"],"picked":"Noxious Fumes","floor":4.0},{"not_picked":["Deadly Poison","Concentrate"],"picked":"Crippling Poison","floor":5.0},{"not_picked":["Blur","Quick Slash"],"picked":"All Out Attack","floor":7.0},{"not_picked":["Dagger Throw","Cloak And Dagger","Poisoned Stab"],"picked":"SKIP","floor":8.0},{"not_picked":["Dagger Throw","A Thousand Cuts","Blur"],"picked":"SKIP","floor":10.0},{"not_picked":["Sucker Punch","Dash"],"picked":"Deadly Poison","floor":11.0},{"not_picked":["Concentrate","Dodge and Roll"],"picked":"Leg Sweep","floor":12.0},{"not_picked":["Sucker Punch","Deflect","Dagger Throw"],"picked":"SKIP","floor":13.0},{"not_picked":["Sucker Punch","Deadly Poison","Flying Knee"],"picked":"SKIP","floor":14.0},{"not_picked":["Night Terror","A Thousand Cuts"],"picked":"Die Die Die","floor":16.0},{"not_picked":["Endless Agony","Crippling Poison"],"picked":"Backflip","floor":18.0},{"not_picked":["Slice","Tactician"],"picked":"Backstab+1","floor":19.0},{"not_picked":["Riddle With Holes","PiercingWail","Dagger Throw"],"picked":"SKIP","floor":20.0},{"not_picked":["Underhanded Strike","Dagger Throw"],"picked":"Noxious Fumes","floor":22.0},{"not_picked":["Setup","Bane"],"picked":"Adrenaline","floor":27.0},{"not_picked":["Backstab+1","Dagger Throw+1"],"picked":"Acrobatics+1","floor":30.0},{"not_picked":["Terror","Poisoned Stab"],"picked":"Flechettes","floor":31.0},{"not_picked":["Burst","Corpse Explosion"],"picked":"Malaise","floor":33.0},{"not_picked":["Masterful Stab","Slice+1","Underhanded Strike+1"],"picked":"SKIP","floor":35.0},{"not_picked":["Bouncing Flask","Cloak And Dagger+1","Deflect"],"picked":"SKIP","floor":36.0},{"not_picked":["Quick Slash","Flying Knee","Storm of Steel"],"picked":"SKIP","floor":38.0},{"not_picked":["Bane+1","Prepared"],"picked":"Dodge and Roll+1","floor":39.0},{"not_picked":["Unload","Deadly Poison"],"picked":"Catalyst","floor":40.0},{"not_picked":["Bane+1","Riddle With Holes","Caltrops"],"picked":"SKIP","floor":48.0},{"not_picked":["Riddle With Holes","Deadly Poison"],"picked":"Prepared","floor":53.0},{"not_picked":["Dagger Spray","Backflip+1"],"picked":"Outmaneuver+1","floor":55.0}],"player_experience":1728533,"relics_obtained":[{"floor":7.0,"key":"Meat on the Bone"},{"floor":9.0,"key":"Blood Vial"},{"floor":10.0,"key":"Snake Skull"},{"floor":14.0,"key":"Tiny Chest"},{"floor":26.0,"key":"Letter Opener"},{"floor":27.0,"key":"Calipers"},{"floor":30.0,"key":"Dream Catcher"},{"floor":40.0,"key":"Incense Burner"},{"floor":42.0,"key":"Mango"},{"floor":43.0,"key":"White Beast Statue"},{"floor":48.0,"key":"Tough Bandages"},{"floor":55.0,"key":"Pantograph"}],"event_choices":[{"damage_healed":0.0,"max_hp_gain":0.0,"max_hp_loss":6.0,"gold_gain":0.0,"event_name":"Golden Idol","player_choice":"Lose Max HP","floor":2.0,"gold_loss":0.0,"damage_taken":0.0,"relics_obtained":["Golden Idol"]},{"damage_healed":0.0,"max_hp_gain":0.0,"max_hp_loss":0.0,"gold_gain":0.0,"event_name":"Vampires","player_choice":"Ignored","floor":21.0,"gold_loss":0.0,"damage_taken":0.0},{"damage_healed":0.0,"max_hp_gain":0.0,"max_hp_loss":0.0,"gold_gain":0.0,"event_name":"Accursed Blacksmith","player_choice":"Forge","floor":37.0,"gold_loss":0.0,"damage_taken":0.0,"cards_upgraded":["Footwork"]},{"damage_healed":0.0,"max_hp_gain":0.0,"max_hp_loss":0.0,"gold_gain":333.0,"event_name":"The Moai Head","player_choice":"Gave Idol","floor":46.0,"relics_lost":["Golden Idol"],"gold_loss":0.0,"damage_taken":0.0}],"is_beta":false,"boss_relics":[{"not_picked":["Busted Crown","HoveringKite"],"picked":"Astrolabe"},{"not_picked":["Empty Cage","Tiny House"],"picked":"Runic Pyramid"}],"items_purged_floors":[25,29,44,54],"is_endless":false,"potions_floor_spawned":[4,5,7,10,11,14,19,27,30,33,36,40,48,55],"ascension_level":20,"potion_discard_per_floor":[[],[],[],[],[],[],[],[],[],[],[],[],[],[],[],[],[],[],[],[],[],[],[],[],[],[],[],[],[],[],[],[],[],[],[],[],[],[],[],[],[],[],[],[],[],[],[],["SneckoOil"],[],[],[],[],[],["Fire Potion","FairyPotion"],[],[],[]]}