{"neow_bonuses_skipped_log":["RANDOM_COLORLESS","HUNDRED_GOLD","BOSS_RELIC"],"neow_costs_skipped_log":["NONE","NONE","NONE"],"potions_obtained_entropic_brew":[[],[],[],[],[],[],[],[],[],[],[],[],[],[],[],[],[],[],[],[],[],[],[],[],[],[],[],[]],"gold_per_floor":[119,44,63,63,81,81,110,123,123,135,145,145,178,190,190,263,263,283,302,302,227,227,227,54,54,126,146,146],"floor_reached":28,"playtime":1200,"items_purged":["Strike_G"],"score":460,"play_id":"05461b9a-aba8-49f8-a576-140e89cf89f1","local_time":"20230417162446","score_breakdown":["Floors Climbed (28): 140","Enemies Slain (10): 20","Exordium Elites Killed (2): 20","City Elites Killed (0): 0","Bosses Slain (1): 50","Ascension (20): 230"],"is_ascension_mode":true,"potions_obtained_alchemize":[[],[],[],[],[],[],[],[],[],[],[],[],[],[],[],[],[],[],[],[],[],[],[],[],[],[],[],[]],"campfire_choices":[{"data":"Cloak And Dagger","floor":6.0,"key":"SMITH"},{"data":"Panache","floor":15.0,"key":"SMITH"},{"floor":23,"key":"REST"},{"data":"Discovery","floor":25,"key":"SMITH"}],"lesson_learned_per_floor":[[],[],[],[],[],[],[],[],[],[],[],[],[],[],[],[],[],[],[],[],[],[],[],[],[],[],[],[]],"neow_cost":"TEN_PERCENT_HP_LOSS","improvable_cards":{},"seed_source_timestamp":477103856158000,"shop_contents":[{"floor":24,"relics":["Pen Nib","Regal Pillow","Toolbox"],"cards":["Heel Hook","Glass Knife","Acrobatics","Deadly Poison","Accuracy+1","The Bomb"],"potions":["BlessingOfTheForge","Energy Potion","SkillPotion"]}],"circlet_count":0,"master_deck":["AscendersBane","Strike_G","Strike_G","Strike_G","Defend_G","Defend_G","Defend_G","Defend_G","Survivor","Neutralize","Panache+1","Cloak And Dagger+1","Flying Knee","Bouncing Flask","Terror","Footwork","Escape Plan","Endless Agony","Backflip","Slice","A Thousand Cuts+1","PiercingWail","Discovery+1","Acrobatics"],"special_seed":0,"potion_use_per_floor":[[],[],[],[],[],[],["Poison Potion"],[],[],["Weak Potion"],[],[],["EssenceOfSteel"],["DistilledChaos"],[],["Dexterity Potion"],[],[],["SteroidPotion"],[],[],[],[],[],[],[],["GamblersBrew"],["Ancient Potion","SpeedPotion"]],"relics":["Ring of the Snake","White Beast Statue","Toy Ornithopter","Frozen Egg 2","Runic Pyramid","Nilry\u0027s Codex","Nloth\u0027s Gift","Kunai"],"potions_floor_usage":[19,27,28,28],"damage_taken":[{"damage":0.0,"enemies":"Small Slimes","floor":1.0,"turns":3.0},{"damage":0.0,"enemies":"2 Louse","floor":3.0,"turns":3.0},{"damage":0.0,"enemies":"Jaw Worm","floor":5.0,"turns":4.0},{"damage":5.0,"enemies":"Gremlin Nob","floor":7.0,"turns":3.0},{"damage":0.0,"enemies":"Looter","floor":8.0,"turns":4.0},{"damage":4.0,"enemies":"Blue Slaver","floor":10.0,"turns":4.0},{"damage":0.0,"enemies":"Red Slaver","floor":11.0,"turns":4.0},{"damage":6.0,"enemies":"Lagavulin","floor":13.0,"turns":6.0},{"damage":6.0,"enemies":"2 Fungi Beasts","floor":14.0,"turns":3.0},{"damage":21.0,"enemies":"Hexaghost","floor":16.0,"turns":9.0},{"damage":19,"enemies":"3 Byrds","floor":18,"turns":4},{"damage":3,"enemies":"Chosen","floor":19,"turns":3},{"damage":3,"enemies":"Snecko","floor":27,"turns":6},{"damage":45,"enemies":"Book of Stabbing","floor":28,"turns":5}],"seed_played":"5870302778007423137","neow_bonus_log":{"cardsObtained":[],"cardsUpgraded":[],"cardsRemoved":[],"cardsTransformed":[],"relicsObtained":[],"maxHpGained":0,"goldGained":0,"damageTaken":0,"goldLost":0,"maxHpLost":6},"potions_obtained":[{"floor":3.0,"key":"DistilledChaos"},{"floor":5.0,"key":"Poison Potion"},{"floor":7.0,"key":"Weak Potion"},{"floor":10.0,"key":"EssenceOfSteel"},{"floor":13.0,"key":"FearPotion"},{"floor":14.0,"key":"Dexterity Potion"},{"floor":16.0,"key":"SteroidPotion"},{"floor":18,"key":"SpeedPotion"},{"floor":19,"key":"GamblersBrew"},{"floor":27,"key":"Ancient Potion"}],"is_trial":false,"path_per_floor":["M","?","M","?","M","R","E","M","T","M","M","?","E","M","R","B",null,"M","M","?","?","?","R","$","R","T","M","E"],"character_chosen":"THE_SILENT","basemod:card_modifiers":[null,null,null,null,null,null,null,null,null,null,null,null,null,null,null,null,null,null,null,null,null,null,null,null],"items_purchased":["Discovery"],"campfire_rested":1,"item_purchase_floors":[24],"current_hp_per_floor":[59,59,59,33,33,33,28,28,28,29,29,29,28,27,27,11,48,29,31,10,10,10,28,28,28,28,30,0],"gold":146,"neow_bonus":"RANDOM_COLORLESS_2","is_prod":false,"is_daily":false,"rewards_skipped":[{"floor":8,"relics":[],"potions":["SneckoOil"]},{"floor":11,"relics":[],"potions":["Dexterity Potion"]}],"chose_seed":false,"campfire_upgraded":3,"win_rate":0,"floor_exit_playtime":[70,76,127,141,181,190,250,298,301,356,437,454,531,603,609,707,746,840,887,907,914,922,926,946,961,964,1085],"timestamp":1681763086,"path_taken":["M","?","M","?","M","R","E","M","T","M","M","?","E","M","R","BOSS","M","M","?","?","?","R","$","R","T","?","E"],"build_version":"2022-12-18","purchased_purges":1,"victory":false,"max_hp_per_floor":[60,60,60,60,60,60,60,60,60,60,60,60,60,60,60,60,60,60,60,60,60,60,60,60,60,60,60,60],"relic_stats":{"counters":[14,61],"Nilry\u0027s Codex":[0,3,3,5],"Nloth\u0027s Gift":0,"Kunai":[3],"obtain_stats":[{"Nilry\u0027s Codex":20,"Nloth\u0027s Gift":22,"Bottled Lightning":13,"Kunai":26,"Frozen Egg 2":9,"White Beast Statue":4,"Toy Ornithopter":7,"Ring of the Snake":0,"Runic Pyramid":17},{"Nilry\u0027s Codex":12,"Nloth\u0027s Gift":12,"Bottled Lightning":8,"Kunai":12,"Frozen Egg 2":5,"White Beast Statue":2,"Toy Ornithopter":4,"Ring of the Snake":0,"Runic Pyramid":10},{"Nilry\u0027s Codex":50,"Nloth\u0027s Gift":50,"Bottled Lightning":31,"Kunai":50,"Frozen Egg 2":17,"White Beast Statue":6,"Toy Ornithopter":13,"Ring of the Snake":0,"Runic Pyramid":43}],"White Beast Statue":[0.0,0.024000000000000007,0.0,0.32800000000000007,0.0,0.5280000000000001,0.0,0.12000000000000002,0.0,0.0,0.0,4.839886080000001],"Toy Ornithopter":40,"Ring of the Snake":[28]},"card_choices":[{"not_picked":["Mayhem","Secret Technique"],"picked":"Panache","floor":0.0},{"not_picked":["Concentrate","Deflect"],"picked":"Cloak And Dagger","floor":1.0},{"not_picked":["Backflip","Footwork"],"picked":"Flying Knee","floor":3.0},{"not_picked":["Eviscerate","Flying Knee"],"picked":"Bouncing Flask","floor":5.0},{"not_picked":["Setup","Backflip"],"picked":"Terror","floor":7.0},{"not_picked":["Prepared","Acrobatics"],"picked":"Footwork","floor":8.0},{"not_picked":["Choke","Flying Knee"],"picked":"Escape Plan","floor":10.0},{"not_picked":["Reflex","Eviscerate"],"picked":"Endless Agony","floor":11.0},{"not_picked":["Eviscerate","Dagger Spray"],"picked":"Backflip","floor":13.0},{"not_picked":["Skewer","Concentrate"],"picked":"Slice","floor":14.0},{"not_picked":["Phantasmal Killer","Glass Knife"],"picked":"A Thousand Cuts+1","floor":16.0},{"not_picked":["Distraction","Accuracy+1","Eviscerate"],"picked":"SKIP","floor":18},{"not_picked":["Bane","Slice+1"],"picked":"PiercingWail","floor":19},{"not_picked":["Slice","Quick Slash"],"picked":"Acrobatics","floor":27}],"player_experience":1807950,"relics_obtained":[{"floor":7.0,"key":"Toy Ornithopter"},{"floor":9.0,"key":"Frozen Egg 2"},{"floor":13.0,"key":"Bottled Lightning"},{"floor":20,"key":"Nilry\u0027s Codex"},{"floor":26,"key":"Kunai"}],"event_choices":[{"cards_removed":["Defend_G"],"damage_healed":0.0,"max_hp_gain":0.0,"max_hp_loss":0.0,"gold_gain":0.0,"event_name":"The Cleric","player_choice":"Card Removal","floor":2.0,"gold_loss":75.0,"damage_taken":0.0},{"damage_healed":0.0,"max_hp_gain":0.0,"max_hp_loss":0.0,"gold_gain":0.0,"event_name":"Scrap Ooze","player_choice":"Success","floor":4.0,"gold_loss":0.0,"damage_taken":26.0,"relics_obtained":["White Beast Statue"]},{"damage_healed":0.0,"max_hp_gain":0.0,"max_hp_loss":0.0,"gold_gain":0.0,"event_name":"Dead Adventurer","player_choice":"Searched \u00270\u0027 times","floor":12.0,"gold_loss":0.0,"damage_taken":0.0},{"damage_healed":0,"gold_gain":0,"player_choice":"Obtained Book","damage_taken":21,"max_hp_gain":0,"max_hp_loss":0,"event_name":"Cursed Tome","floor":20,"gold_loss":0},{"cards_removed":["Strike_G"],"damage_healed":0,"gold_gain":0,"player_choice":"Gave Gold","damage_taken":0,"max_hp_gain":0,"max_hp_loss":0,"event_name":"Beggar","floor":21,"gold_loss":75},{"damage_healed":0,"gold_gain":0,"player_choice":"Traded Relic","damage_taken":0,"relics_obtained":["Nloth\u0027s Gift"],"max_hp_gain":0,"max_hp_loss":0,"event_name":"N\u0027loth","floor":22,"relics_lost":["Bottled Lightning"],"gold_loss":0}],"is_beta":false,"boss_relics":[{"not_picked":["Fusion Hammer","Pandora\u0027s Box"],"picked":"Runic Pyramid"}],"items_purged_floors":[24],"is_endless":false,"potions_floor_spawned":[3,5,7,8,10,11,13,14,16,18,19,27],"killed_by":"Book of Stabbing","ascension_level":20,"potion_discard_per_floor":[[],[],[],[],[],[],[],[],[],[],[],[],[],[],[],[],[],["FearPotion"],[],[],[],[],[],[],[],[],[],[]]}