{"neow_bonuses_skipped_log":["RANDOM_COLORLESS","TWO_FIFTY_GOLD","BOSS_RELIC"],"neow_costs_skipped_log":["NONE","PERCENT_DAMAGE","NONE"],"potions_obtained_entropic_brew":[[],[],[],[],[],[],[],[],[],[],[],[],[],[],[],[],[],[],[],[],[],[],[],[],[],[],[],[],[],[],[],[],[]],"gold_per_floor":[217,229,379,129,141,141,173,184,209,209,237,57,74,90,90,162,162,175,175,175,152,162,162,175,208,208,208,11,11,11,23,23,23],"floor_reached":33,"playtime":1931,"items_purged":["Doubt","Defend_G"],"score":554,"play_id":"6cea298a-85ba-4fae-9ec9-a5923e3f9373","local_time":"20230420132541","score_breakdown":["Floors Climbed (33): 165","Enemies Slain (11): 22","Exordium Elites Killed (2): 20","City Elites Killed (1): 20","Bosses Slain (1): 50","Ascension (20): 277"],"is_ascension_mode":true,"potions_obtained_alchemize":[[],[],[],[],[],[],[],[],[],[],[],[],[],[],[],[],[],[],[],[],[],[],[],[],[],[],[],[],[],[],[],[],[]],"campfire_choices":[{"data":"Dagger Throw","floor":6,"key":"SMITH"},{"floor":10,"key":"REST"},{"floor":15,"key":"REST"},{"floor":23,"key":"REST"},{"data":"Tools of the Trade","floor":27,"key":"SMITH"},{"floor":32,"key":"REST"}],"lesson_learned_per_floor":[[],[],[],[],[],[],[],[],[],[],[],[],[],[],[],[],[],[],[],[],[],[],[],[],[],[],[],[],[],[],[],[],[]],"neow_cost":"NONE","improvable_cards":{},"seed_source_timestamp":724849333632000,"shop_contents":[{"floor":4,"relics":["Tiny Chest","CeramicFish","DollysMirror"],"cards":["Slice","Acrobatics","Backflip","PanicButton","Panache"],"potions":["Strength Potion","BlessingOfTheForge","BlessingOfTheForge"]},{"floor":12,"relics":["Meat on the Bone","Pantograph","Sling"],"cards":["Flying Knee","Bane","Blade Dance","Well Laid Plans","Dark Shackles","Metamorphosis"],"potions":["FearPotion","DuplicationPotion","EssenceOfSteel"]},{"floor":28,"relics":["Bag of Marbles","PreservedInsect","Frozen Eye"],"cards":["Skewer","Riddle With Holes","Outmaneuver","Tactician","Panache+1"],"potions":["FairyPotion","Block Potion","Dexterity Potion"]}],"circlet_count":0,"master_deck":["AscendersBane","Strike_G+1","Strike_G+1","Strike_G+1","Strike_G+1","Strike_G+1","Defend_G+1","Defend_G+1","Defend_G+1","Defend_G+1","Survivor","Neutralize","Poisoned Stab","Well Laid Plans","Backstab","Dagger Throw+1","Dagger Spray","Tools of the Trade+1","Leg Sweep","Blade Dance","Backflip","Escape Plan","Flechettes+1","PiercingWail","Finisher+1","Footwork+1","Madness","Concentrate","Reflex"],"potion_use_per_floor":[[],[],[],[],[],[],["Fire Potion"],["Weak Potion"],[],[],[],[],[],[],[],["Energy Potion"],[],[],[],[],["Block Potion"],[],[],[],["Strength Potion","Fruit Juice"],[],[],[],[],[],[],[],["SteroidPotion"]],"relics":["Ring of the Snake","Toy Ornithopter","Nunchaku","War Paint","Runic Pyramid","Frozen Egg 2","MealTicket"],"potions_floor_usage":[7,8,16,21,25,25,33],"damage_taken":[{"damage":7,"enemies":"Small Slimes","floor":1,"turns":4},{"damage":1,"enemies":"2 Louse","floor":2,"turns":4},{"damage":0,"enemies":"Jaw Worm","floor":5,"turns":4},{"damage":18,"enemies":"Lagavulin","floor":7,"turns":7},{"damage":15,"enemies":"Large Slime","floor":8,"turns":5},{"damage":24,"enemies":"3 Sentries","floor":11,"turns":10},{"damage":10,"enemies":"3 Louse","floor":13,"turns":5},{"damage":0,"enemies":"Lots of Slimes","floor":14,"turns":2},{"damage":8,"enemies":"The Guardian","floor":16,"turns":16},{"damage":10,"enemies":"3 Byrds","floor":18,"turns":6},{"damage":8,"enemies":"2 Thieves","floor":21,"turns":4},{"damage":15,"enemies":"Centurion and Healer","floor":22,"turns":6},{"damage":29,"enemies":"3 Cultists","floor":24,"turns":7},{"damage":9,"enemies":"Gremlin Leader","floor":25,"turns":6},{"damage":12,"enemies":"Snake Plant","floor":31,"turns":4},{"damage":77,"enemies":"Automaton","floor":33,"turns":12}],"seed_played":"-1748996848830367227","neow_bonus_log":{"cardsObtained":[],"cardsUpgraded":[],"cardsRemoved":[],"cardsTransformed":[],"relicsObtained":[],"maxHpGained":0,"goldGained":100,"damageTaken":0,"goldLost":0,"maxHpLost":0},"potions_obtained":[{"floor":2,"key":"Fire Potion"},{"floor":7,"key":"Weak Potion"},{"floor":11,"key":"Energy Potion"},{"floor":13,"key":"Block Potion"},{"floor":18,"key":"Fruit Juice"},{"floor":24,"key":"Strength Potion"},{"floor":25,"key":"SteroidPotion"}],"is_trial":false,"path_per_floor":["M","M","?","$","M","R","E","M","T","R","E","$","M","M","R","B",null,"M","?","?","M","M","R","M","E","T","R","$","?","?","M","R","B"],"character_chosen":"THE_SILENT","basemod:card_modifiers":[null,null,null,null,null,null,null,null,null,null,null,null,null,null,null,null,null,null,null,null,null,null,null,null,null,null,null,null,null],"items_purchased":["Well Laid Plans","Backstab","Leg Sweep","Footwork+1","Madness"],"campfire_rested":4,"item_purchase_floors":[4,4,12,28,28],"current_hp_per_floor":[52,51,51,51,51,51,33,23,23,42,18,18,8,8,27,24,56,46,46,46,43,28,47,18,24,24,24,39,39,39,27,48,0],"gold":23,"neow_bonus":"HUNDRED_GOLD","is_prod":false,"is_daily":false,"rewards_skipped":[{"floor":14,"relics":[],"potions":["AttackPotion"]}],"chose_seed":false,"campfire_upgraded":2,"win_rate":0,"floor_exit_playtime":[70,111,115,134,173,186,263,346,351,360,477,521,592,617,619,911,954,1113,1117,1127,1198,1292,1297,1418,1525,1528,1536,1560,1568,1573,1637,1646],"timestamp":1682011541,"path_taken":["M","M","?","$","M","R","E","M","T","R","E","$","M","M","R","BOSS","M","?","?","M","M","R","M","E","T","R","$","?","?","M","R","BOSS"],"build_version":"2022-12-18","purchased_purges":2,"victory":false,"max_hp_per_floor":[66,66,66,66,66,66,66,66,66,66,66,66,66,66,66,66,66,66,66,66,66,66,66,66,71,71,71,71,71,71,71,71,71],"relic_stats":{"Nunchaku":[19],"counters":[16,102],"MealTicket":15,"War Paint":["Defend_G","Defend_G"],"obtain_stats":[{"Nunchaku":9,"MealTicket":26,"War Paint":11,"Frozen Egg 2":25,"Toy Ornithopter":7,"Ring of the Snake":0,"Runic Pyramid":17},{"Nunchaku":5,"MealTicket":14,"War Paint":6,"Frozen Egg 2":14,"Toy Ornithopter":4,"Ring of the Snake":0,"Runic Pyramid":9},{"Nunchaku":24,"MealTicket":86,"War Paint":34,"Frozen Egg 2":86,"Toy Ornithopter":19,"Ring of the Snake":0,"Runic Pyramid":57}],"Toy Ornithopter":30,"Ring of the Snake":[32]},"card_choices":[{"not_picked":["PiercingWail","Blur","Flechettes"],"picked":"SKIP","floor":1},{"not_picked":["Caltrops","Deadly Poison"],"picked":"Poisoned Stab","floor":2},{"not_picked":["Deflect","Bane"],"picked":"Dagger Throw","floor":5},{"not_picked":["Concentrate","Escape Plan"],"picked":"Dagger Spray","floor":7},{"not_picked":["Flying Knee","Setup","Masterful Stab"],"picked":"SKIP","floor":8},{"not_picked":["Slice","Dagger Throw"],"picked":"Tools of the Trade","floor":11},{"not_picked":["Bane","Prepared"],"picked":"Blade Dance","floor":13},{"not_picked":["Poisoned Stab","Riddle With Holes"],"picked":"Backflip","floor":14},{"not_picked":["Glass Knife","Storm of Steel","Night Terror"],"picked":"SKIP","floor":16},{"not_picked":["Prepared","Dagger Throw"],"picked":"Escape Plan","floor":18},{"not_picked":["Reflex","PiercingWail"],"picked":"Flechettes+1","floor":21},{"not_picked":["Dagger Spray+1","Slice"],"picked":"PiercingWail","floor":22},{"not_picked":["Well Laid Plans+1","Underhanded Strike"],"picked":"Finisher+1","floor":24},{"not_picked":["Dagger Spray","Bullet Time","Reflex+1"],"picked":"SKIP","floor":25},{"not_picked":["Outmaneuver","Sucker Punch","Cloak And Dagger","Deadly Poison","Bouncing Flask","Flying Knee","Dodge and Roll","Leg Sweep","Dagger Throw","Poisoned Stab","Dagger Spray","PiercingWail","Infinite Blades+1","Distraction","Acrobatics","Underhanded Strike","Terror","Blade Dance","Quick Slash"],"picked":"Concentrate","floor":29},{"not_picked":["Dagger Throw","Poisoned Stab"],"picked":"Reflex","floor":31}],"player_experience":1836451,"relics_obtained":[{"floor":7,"key":"Toy Ornithopter"},{"floor":9,"key":"Nunchaku"},{"floor":11,"key":"War Paint"},{"floor":25,"key":"Frozen Egg 2"},{"floor":26,"key":"MealTicket"}],"event_choices":[{"damage_healed":0,"gold_gain":150,"player_choice":"AGREE","damage_taken":0,"max_hp_gain":0,"max_hp_loss":0,"event_name":"Liars Game","floor":3,"gold_loss":0,"cards_obtained":["Doubt"]},{"damage_healed":0,"gold_gain":0,"player_choice":"Ignored","damage_taken":0,"max_hp_gain":0,"max_hp_loss":0,"event_name":"The Mausoleum","floor":19,"gold_loss":0},{"damage_healed":0,"gold_gain":0,"player_choice":"Simplicity","damage_taken":0,"max_hp_gain":0,"max_hp_loss":0,"event_name":"Back to Basics","floor":20,"gold_loss":0,"cards_upgraded":["Strike_G","Strike_G","Strike_G","Strike_G","Strike_G","Defend_G","Defend_G"]},{"damage_healed":0,"gold_gain":0,"player_choice":"Read","damage_taken":0,"max_hp_gain":0,"max_hp_loss":0,"event_name":"The Library","floor":29,"gold_loss":0,"cards_obtained":["Concentrate"]},{"damage_healed":0,"gold_gain":0,"player_choice":"Ignored","damage_taken":0,"max_hp_gain":0,"max_hp_loss":0,"event_name":"N\u0027loth","floor":30,"gold_loss":0}],"is_beta":false,"boss_relics":[{"not_picked":["Tiny House","Calling Bell"],"picked":"Runic Pyramid"}],"items_purged_floors":[4,12],"is_endless":false,"potions_floor_spawned":[2,7,11,13,14,18,24,25],"killed_by":"Automaton","ascension_level":20,"potion_discard_per_floor":[[],[],[],[],[],[],[],[],[],[],[],[],[],[],[],[],[],[],[],[],[],[],[],[],[],[],[],[],[],[],[],[],[]]}