{"neow_bonuses_skipped_log":["THREE_CARDS","RANDOM_COMMON_RELIC","BOSS_RELIC"],"neow_costs_skipped_log":["NONE","NONE","NONE"],"potions_obtained_entropic_brew":[[],[],[],[],[],[],[],[],[],[],[],[],[],[],[],[],[],[],[],[],[],[],[],[]],"gold_per_floor":[113,127,127,137,150,150,176,196,196,196,229,229,258,273,273,345,345,355,405,415,169,189,189,189],"floor_reached":24,"playtime":1924,"items_purged":["Strike_G"],"score":486,"play_id":"7f0a5fe3-8088-4994-ba6e-fb989489b18f","local_time":"20230513175608","score_breakdown":["Floors Climbed (24): 120","Enemies Slain (9): 18","Exordium Elites Killed (3): 30","City Elites Killed (0): 0","Bosses Slain (1): 50","Champion (1): 25","Ascension (20): 243"],"is_ascension_mode":true,"potions_obtained_alchemize":[[],[],[],[],[],[],[],[],[],[],[],[],[],[],[],[],[],[],[],[],[],[],[],[]],"campfire_choices":[{"data":"Noxious Fumes","floor":6,"key":"SMITH"},{"data":"Terror","floor":10,"key":"SMITH"},{"data":"Tools of the Trade","floor":12,"key":"SMITH"},{"data":"All Out Attack","floor":15,"key":"SMITH"},{"data":"Acrobatics","floor":23,"key":"SMITH"}],"lesson_learned_per_floor":[[],[],[],[],[],[],[],[],[],[],[],[],[],[],[],[],[],[],[],[],[],[],[],[]],"neow_cost":"TEN_PERCENT_HP_LOSS","improvable_cards":{},"seed_source_timestamp":131239378117699,"shop_contents":[{"floor":21,"relics":["Akabeko","Pen Nib"],"cards":["Grand Finale","Bane","Calculated Gamble","Deflect","After Image","Dramatic Entrance","Mayhem"],"potions":["SpeedPotion","Regen Potion","GhostInAJar"]}],"circlet_count":0,"master_deck":["AscendersBane","Strike_G","Strike_G","Strike_G","Strike_G","Defend_G","Defend_G","Defend_G","Defend_G","Defend_G","Survivor","Neutralize","Thinking Ahead","Poisoned Stab","Poisoned Stab","Terror+1","Noxious Fumes+1","Backstab","Tools of the Trade+1","All Out Attack+1","Calculated Gamble","Corpse Explosion","Acrobatics+1","Crippling Poison"],"potion_use_per_floor":[[],[],[],[],[],[],["Poison Potion"],["Regen Potion"],[],[],[],[],[],[],[],[],[],["Dexterity Potion"],[],[],[],[],[],[]],"relics":["Ring of the Snake","HornCleat","Mummified Hand","Torii","Incense Burner","Ancient Tea Set","HoveringKite","Lee\u0027s Waffle"],"potions_floor_usage":[7,8,18],"damage_taken":[{"damage":0,"enemies":"2 Louse","floor":1,"turns":4},{"damage":0,"enemies":"Cultist","floor":2,"turns":4},{"damage":0,"enemies":"Jaw Worm","floor":4,"turns":4},{"damage":1,"enemies":"Exordium Thugs","floor":5,"turns":4},{"damage":0,"enemies":"Gremlin Nob","floor":7,"turns":3},{"damage":0,"enemies":"Exordium Wildlife","floor":8,"turns":6},{"damage":2,"enemies":"3 Sentries","floor":11,"turns":7},{"damage":10,"enemies":"Lagavulin","floor":13,"turns":5},{"damage":0,"enemies":"3 Louse","floor":14,"turns":4},{"damage":8,"enemies":"Slime Boss","floor":16,"turns":7},{"damage":27,"enemies":"Spheric Guardian","floor":18,"turns":6},{"damage":0,"enemies":"3 Byrds","floor":20,"turns":3},{"damage":23,"enemies":"Cultist and Chosen","floor":22,"turns":4},{"damage":48,"enemies":"Book of Stabbing","floor":24,"turns":4}],"seed_played":"3804476377597950099","neow_bonus_log":{"cardsObtained":[],"cardsUpgraded":[],"cardsRemoved":[],"cardsTransformed":[],"relicsObtained":[],"maxHpGained":0,"goldGained":0,"damageTaken":0,"goldLost":0,"maxHpLost":6},"potions_obtained":[{"floor":1,"key":"Block Potion"},{"floor":2,"key":"Regen Potion"},{"floor":5,"key":"Poison Potion"},{"floor":8,"key":"CultistPotion"},{"floor":16,"key":"Dexterity Potion"},{"floor":18,"key":"FearPotion"}],"is_trial":false,"path_per_floor":["M","M","?","M","M","R","E","M","T","R","E","R","E","M","R","B",null,"M","?","M","$","M","R","E"],"character_chosen":"THE_SILENT","basemod:card_modifiers":[null,null,null,null,null,null,null,null,null,null,null,null,null,null,null,null,null,null,null,null,null,null,null,null],"items_purchased":["Lee\u0027s Waffle"],"campfire_rested":0,"item_purchase_floors":[21],"current_hp_per_floor":[59,59,41,41,40,40,40,55,55,55,53,53,43,43,43,35,54,27,27,27,67,44,44,0],"gold":189,"neow_bonus":"RANDOM_COLORLESS_2","is_prod":false,"is_daily":false,"rewards_skipped":[{"floor":20,"relics":[],"potions":["SmokeBomb"]}],"chose_seed":false,"campfire_upgraded":5,"win_rate":0,"floor_exit_playtime":[278,350,430,473,541,565,629,722,729,746,907,914,1008,1069,1126,1392,1420,1499,1550,1694,1749,1835,1846],"timestamp":1684014968,"path_taken":["M","M","?","M","M","R","E","M","T","R","E","R","E","M","R","BOSS","M","?","M","$","M","R","E"],"build_version":"2022-12-18","purchased_purges":1,"victory":false,"max_hp_per_floor":[60,60,60,60,60,60,60,60,60,60,60,60,60,60,60,60,60,60,60,60,67,67,67,67],"relic_stats":{"Lee\u0027s Waffle":40,"Torii":9,"counters":[14,65],"Mummified Hand":[14],"HoveringKite":[12],"Ancient Tea Set":[4],"obtain_stats":[{"Lee\u0027s Waffle":21,"HornCleat":3,"Torii":9,"Mummified Hand":7,"HoveringKite":17,"Incense Burner":11,"Ancient Tea Set":13,"Ring of the Snake":0},{"Lee\u0027s Waffle":12,"HornCleat":2,"Torii":6,"Mummified Hand":5,"HoveringKite":10,"Incense Burner":7,"Ancient Tea Set":8,"Ring of the Snake":0},{"Lee\u0027s Waffle":57,"HornCleat":8,"Torii":25,"Mummified Hand":19,"HoveringKite":48,"Incense Burner":32,"Ancient Tea Set":37,"Ring of the Snake":0}],"Ring of the Snake":[28]},"card_choices":[{"not_picked":["Chrysalis","Transmutation"],"picked":"Thinking Ahead","floor":0},{"not_picked":["Leg Sweep","Cloak And Dagger"],"picked":"Poisoned Stab","floor":1},{"not_picked":["Calculated Gamble","Backflip"],"picked":"Poisoned Stab","floor":2},{"not_picked":["Caltrops","Poisoned Stab"],"picked":"Terror","floor":4},{"not_picked":["Prepared","Flying Knee"],"picked":"Noxious Fumes","floor":5},{"not_picked":["Terror","Catalyst"],"picked":"Backstab","floor":7},{"not_picked":["Cloak And Dagger","Prepared"],"picked":"Tools of the Trade","floor":8},{"not_picked":["Deflect","Slice","Expertise"],"picked":"SKIP","floor":11},{"not_picked":["Deflect","Cloak And Dagger"],"picked":"All Out Attack","floor":13},{"not_picked":["Deadly Poison","Dagger Throw"],"picked":"Calculated Gamble","floor":14},{"not_picked":["Storm of Steel","Bullet Time"],"picked":"Corpse Explosion","floor":16},{"not_picked":["Outmaneuver","Prepared"],"picked":"Acrobatics","floor":18},{"not_picked":["Escape Plan","Terror"],"picked":"Crippling Poison","floor":20},{"not_picked":["Cloak And Dagger","Riddle With Holes","Sucker Punch"],"picked":"SKIP","floor":22}],"player_experience":1914658,"relics_obtained":[{"floor":7,"key":"Mummified Hand"},{"floor":9,"key":"Torii"},{"floor":11,"key":"Incense Burner"},{"floor":13,"key":"Ancient Tea Set"}],"event_choices":[{"damage_healed":0,"gold_gain":0,"player_choice":"Success","damage_taken":18,"relics_obtained":["HornCleat"],"max_hp_gain":0,"max_hp_loss":0,"event_name":"Scrap Ooze","floor":3,"gold_loss":0},{"damage_healed":0,"gold_gain":50,"player_choice":"Pray","damage_taken":0,"max_hp_gain":0,"max_hp_loss":0,"event_name":"Golden Shrine","floor":19,"gold_loss":0}],"is_beta":false,"boss_relics":[{"not_picked":["Philosopher\u0027s Stone","Velvet Choker"],"picked":"HoveringKite"}],"items_purged_floors":[21],"is_endless":false,"potions_floor_spawned":[1,2,5,8,16,18,20],"killed_by":"Book of Stabbing","ascension_level":20,"potion_discard_per_floor":[[],[],[],[],["Block Potion"],[],[],[],[],[],[],[],[],[],[],[],[],[],[],[],[],[],[],[]]}