{"potions_obtained_entropic_brew":[[],[],[],[],[],[],[],[],[],[],[],[],[],[],[],[],[],[],[],[],[],[],[],[],[],[],[],[],[],[],[],[],[],[],[],[],[],[],[],[],[],[],[],[],[],[],[],[],[],[],[],[],[],[],[],[],[]],"gold_per_floor":[110,122,122,87,87,116,133,168,168,168,201,220,245,295,295,374,374,387,28,40,53,65,65,77,110,137,171,171,171,206,220,220,298,298,309,309,5,23,34,60,60,85,109,129,180,17,42,62,62,62,62,62,62,23,52,52],"floor_reached":57,"playtime":8229,"items_purged":["Conserve Battery","CrushJoints+1","FearNoEvil"],"score":3250,"play_id":"65dbd5b1-d526-497b-9bd0-fb42775b5f15","local_time":"20230518190203","daily_mods":["SealedDeck","Diverse"],"score_breakdown":["Floors Climbed (57): 285","Enemies Slain (15): 30","Exordium Elites Killed (4): 40","City Elites Killed (3): 60","Beyond Elites Killed (2): 60","Bosses Slain (5): 750","Highlander: 100","Champion (4): 100","Perfect (2): 100","C-c-c-combo: 25","Ascension (20): 1450","Heartbreaker: 250"],"is_ascension_mode":true,"potions_obtained_alchemize":[[],[],[],[],[],[],[],[],[],[],[],[],[],[],[],[],[],[],[],[],[],[],[],[],[],[],[],[],[],[],[],[],[],[],["DuplicationPotion"],[],[],["Regen Potion"],["Swift Potion"],["Weak Potion"],[],["LiquidMemories"],[],["Fire Potion"],["Swift Potion"],[],["Fire Potion"],["AttackPotion"],[],[],[],[],[],[],["CunningPotion"],["Ancient Potion"],[]],"campfire_choices":[{"data":"Inflame","floor":10,"key":"SMITH"},{"data":"CrushJoints","floor":15,"key":"SMITH"},{"data":"Doppelganger","floor":23,"key":"SMITH"},{"data":"Coolheaded","floor":32,"key":"SMITH"},{"data":"Recycle","floor":41,"key":"SMITH"},{"floor":49,"key":"RECALL"},{"floor":53,"key":"DIG"}],"lesson_learned_per_floor":[[],[],[],[],[],[],[],[],[],[],[],[],[],[],[],[],[],[],[],[],[],[],[],[],[],[],[],[],[],[],[],[],[],[],[],[],[],[],[],[],[],[],[],[],[],[],[],[],[],[],[],[],[],[],[],[],[]],"neow_cost":"","improvable_cards":{},"seed_source_timestamp":0,"shop_contents":[{"floor":19,"relics":["Bottled Flame","Matryoshka"],"cards":["Slice","Go for the Eyes","Entrench","Dark Embrace","Sadistic Nature"],"potions":["Dexterity Potion","Poison Potion","Poison Potion"]},{"floor":37,"relics":["War Paint"],"cards":["Eviscerate","Clash","Halt","Auto Shields","Well Laid Plans","Flash of Steel","Master of Strategy"],"potions":["Poison Potion","DistilledChaos","BlessingOfTheForge"]},{"floor":46,"relics":["The Specimen","Kunai","HandDrill"],"cards":["Eviscerate","Wild Strike","Deflect","Prepared","LikeWater","Madness"],"potions":["Explosive Potion","Swift Potion","LiquidBronze"]},{"floor":54,"relics":["Thread and Needle","Bird Faced Urn","OrangePellets"],"cards":["Quick Slash","Sweeping Beam","Armaments","Alpha","Swift Strike","Magnetism"],"potions":["DistilledChaos","Dexterity Potion","Explosive Potion"]}],"circlet_count":0,"master_deck":["AscendersBane","Worship","Backflip","Hologram","Consecrate","Pommel Strike+1","Crescendo","Recycle+1","Inflame+1","Doppelganger+1","Madness","Fusion+1","Coolheaded+1","Venomology","Master of Strategy","Well Laid Plans"],"potion_use_per_floor":[[],[],[],[],[],[],[],[],[],[],[],[],[],[],[],[],[],[],[],[],["SkillPotion"],[],[],[],[],[],[],[],[],["BlessingOfTheForge"],[],[],[],[],["FearPotion"],[],[],["LiquidBronze","Regen Potion"],[],["Swift Potion"],[],["Weak Potion"],[],["Fire Potion"],[],[],["Strength Potion"],["Fire Potion"],[],[],[],[],[],[],["Swift Potion","CunningPotion","GamblersBrew"],["DuplicationPotion","Ancient Potion","Poison Potion","LiquidMemories"],[]],"relics":["Ring of the Snake","Blood Vial","Question Card","CaptainsWheel","Pen Nib","Blue Candle","PreservedInsect","Busted Crown","TheAbacus","Mercury Hourglass","Bronze Scales","Ornamental Fan","Paper Crane","Ancient Tea Set","Empty Cage","Membership Card","Bag of Preparation","Oddly Smooth Stone","Potion Belt","Shovel","Turnip","Boot"],"potions_floor_usage":[21,30,35,38,38,40,42,44,47,48,55,55,55,56,56,56,56],"damage_taken":[{"damage":0,"enemies":"Jaw Worm","floor":1,"turns":2},{"damage":0,"enemies":"2 Louse","floor":2,"turns":1},{"damage":0,"enemies":"3 Sentries","floor":6,"turns":4},{"damage":0,"enemies":"Small Slimes","floor":7,"turns":2},{"damage":0,"enemies":"Lagavulin","floor":8,"turns":4},{"damage":4,"enemies":"Gremlin Nob","floor":11,"turns":3},{"damage":0,"enemies":"Red Slaver","floor":12,"turns":2},{"damage":6,"enemies":"3 Sentries","floor":13,"turns":4},{"damage":15,"enemies":"Hexaghost","floor":16,"turns":4},{"damage":0,"enemies":"Spheric Guardian","floor":18,"turns":2},{"damage":6,"enemies":"3 Byrds","floor":20,"turns":3},{"damage":0,"enemies":"Snake Plant","floor":21,"turns":2},{"damage":0,"enemies":"3 Cultists","floor":22,"turns":3},{"damage":3,"enemies":"Snecko","floor":24,"turns":3},{"damage":17,"enemies":"Book of Stabbing","floor":25,"turns":3},{"damage":4,"enemies":"Gremlin Leader","floor":27,"turns":2},{"damage":17,"enemies":"Book of Stabbing","floor":30,"turns":2},{"damage":0,"enemies":"Sentry and Sphere","floor":31,"turns":3},{"damage":15,"enemies":"Collector","floor":33,"turns":4},{"damage":11,"enemies":"Orb Walker","floor":35,"turns":2},{"damage":0,"enemies":"3 Darklings","floor":38,"turns":5},{"damage":13,"enemies":"Writhing Mass","floor":39,"turns":4},{"damage":0,"enemies":"Reptomancer","floor":40,"turns":2},{"damage":6,"enemies":"Nemesis","floor":42,"turns":5},{"damage":2,"enemies":"Transient","floor":44,"turns":3},{"damage":0,"enemies":"2 Orb Walkers","floor":45,"turns":1},{"damage":0,"enemies":"Mind Bloom Boss Battle","floor":47,"turns":2},{"damage":0,"enemies":"Maw","floor":48,"turns":2},{"damage":1,"enemies":"Donu and Deca","floor":50,"turns":2},{"damage":0,"enemies":"Awakened One","floor":51,"turns":3},{"damage":0,"enemies":"Shield and Spear","floor":55,"turns":3},{"damage":22,"enemies":"The Heart","floor":56,"turns":5}],"green_key_taken_log":27,"seed_played":"-7857340838453559788","potions_obtained":[{"floor":7,"key":"FearPotion"},{"floor":12,"key":"PowerPotion"},{"floor":13,"key":"SkillPotion"},{"floor":21,"key":"BlessingOfTheForge"},{"floor":33,"key":"LiquidBronze"},{"floor":44,"key":"Poison Potion"},{"floor":45,"key":"Strength Potion"},{"floor":48,"key":"GamblersBrew"},{"floor":55,"key":"Poison Potion"}],"is_trial":true,"path_per_floor":["M","M","?","?","?","E","M","E","T","R","E","M","E","?","R","B",null,"M","$","M","M","M","R","M","E","T","E","?","T","E","M","R","B",null,"M","?","$","M","M","E","R","E","T","M","?","$","?","M","R","B","B",null,"R","$","E","B",null],"character_chosen":"THE_SILENT","basemod:card_modifiers":[null,null,null,null,null,null,null,null,null,null,null,null,null,null,null,null],"items_purchased":["Havoc","TheAbacus","Madness","Membership Card","Bag of Preparation","Master of Strategy","Well Laid Plans"],"campfire_rested":0,"item_purchase_floors":[19,19,19,37,37,46,54],"current_hp_per_floor":[59,59,48,64,64,66,66,66,66,66,62,64,60,54,54,41,60,62,62,58,60,62,62,61,46,46,44,44,44,29,31,31,18,54,45,50,50,64,53,55,55,51,51,51,53,53,55,57,57,58,60,65,65,65,66,44],"gold":52,"neow_bonus":"","is_prod":false,"is_daily":false,"rewards_skipped":[{"floor":20,"relics":[],"potions":["ColorlessPotion"]},{"floor":39,"relics":[],"potions":["SpeedPotion"]},{"floor":47,"relics":[],"potions":["Strength Potion"]},{"floor":53,"relics":["Ninja Scroll"],"potions":[]}],"chose_seed":false,"campfire_upgraded":5,"win_rate":0,"floor_exit_playtime":[182,223,228,242,257,336,360,419,422,454,498,553,648,653,663,739,770,816,896,989,1040,1090,1096,1147,1222,1225,1273,1277,1281,1335,1397,1409,1522,1681,1747,1770,1879,2069,2232,2303,2336,2521,2524,2768,2841,2864,2968,3104,3108,3306,3494,3505,3527,3535,3698,8229],"timestamp":1684450923,"blue_key_relic_skipped_log":{"floor":43,"relicID":"Toy Ornithopter"},"path_taken":["M","M","?","?","?","E","M","E","T","R","E","M","E","?","R","BOSS","M","$","M","M","M","R","M","E","T","E","?","?","E","M","R","BOSS","M","?","$","?","M","E","R","E","T","M","?","$","?","M","R","BOSS","BOSS","R","$","E","BOSS"],"build_version":"2022-12-18","purchased_purges":3,"victory":true,"max_hp_per_floor":[66,66,66,66,66,66,66,66,66,66,66,66,66,66,66,66,66,66,66,66,66,66,66,66,66,66,66,66,66,66,66,66,66,66,66,66,66,66,66,66,66,66,66,66,66,66,66,66,66,66,66,66,66,66,66,66],"relic_stats":{"counters":[32,92],"Blue Candle":[1],"Pen Nib":[31],"PreservedInsect":319,"Bag of Preparation":[24],"Question Card":26,"Ancient Tea Set":[8],"Boot":[0],"Mercury Hourglass":[194],"Blood Vial":51,"Busted Crown":40,"TheAbacus":[2526],"Shovel":1,"Ornamental Fan":[260],"Bronze Scales":[132],"Turnip":[7],"Membership Card":331,"obtain_stats":[{"Potion Belt":42,"Blue Candle":11,"Oddly Smooth Stone":40,"Pen Nib":9,"PreservedInsect":13,"Bag of Preparation":37,"Paper Crane":29,"Question Card":6,"Ancient Tea Set":30,"Empty Cage":34,"Boot":55,"Mercury Hourglass":25,"Blood Vial":3,"CaptainsWheel":8,"Busted Crown":17,"TheAbacus":19,"Shovel":45,"Ornamental Fan":27,"Bronze Scales":26,"Turnip":47,"Membership Card":37,"Ring of the Snake":0},{"Potion Belt":24,"Blue Candle":6,"Oddly Smooth Stone":23,"Pen Nib":5,"PreservedInsect":8,"Bag of Preparation":20,"Paper Crane":16,"Question Card":3,"Ancient Tea Set":17,"Empty Cage":19,"Boot":31,"Mercury Hourglass":15,"Blood Vial":2,"CaptainsWheel":5,"Busted Crown":9,"TheAbacus":10,"Shovel":26,"Ornamental Fan":16,"Bronze Scales":15,"Turnip":27,"Membership Card":20,"Ring of the Snake":0},{"Potion Belt":71,"Blue Candle":16,"Oddly Smooth Stone":66,"Pen Nib":13,"PreservedInsect":22,"Bag of Preparation":55,"Paper Crane":44,"Question Card":7,"Ancient Tea Set":46,"Empty Cage":53,"Boot":87,"Mercury Hourglass":42,"Blood Vial":3,"CaptainsWheel":13,"Busted Crown":26,"TheAbacus":28,"Shovel":75,"Ornamental Fan":44,"Bronze Scales":42,"Turnip":77,"Membership Card":55,"Ring of the Snake":0}],"Ring of the Snake":[64]},"card_choices":[{"not_picked":["SashWhip","ClearTheMind"],"picked":"Recycle","floor":1},{"not_picked":["Dagger Throw","WindmillStrike","BowlingBash"],"picked":"SKIP","floor":2},{"not_picked":["Halt","Warcry"],"picked":"Inflame","floor":6},{"not_picked":["Aggregate","Uppercut","FlyingSleeves","Wireheading"],"picked":"SKIP","floor":7},{"not_picked":["Nirvana","Defragment","CutThroughFate","LikeWater"],"picked":"SKIP","floor":8},{"not_picked":["Infinite Blades","LikeWater","Distraction","Iron Wave"],"picked":"SKIP","floor":11},{"not_picked":["Warcry","Adaptation","Protect"],"picked":"FearNoEvil","floor":12},{"not_picked":["Twin Strike","JustLucky","Compile Driver","Noxious Fumes"],"picked":"SKIP","floor":13},{"not_picked":["Fiend Fire","ConjureBlade","Core Surge"],"picked":"Doppelganger","floor":16},{"not_picked":["Dodge and Roll","Scrape+1"],"picked":"SKIP","floor":18},{"not_picked":["Meditate"],"picked":"Fusion+1","floor":20},{"not_picked":["Uppercut","Conserve Battery+1"],"picked":"SKIP","floor":21},{"not_picked":["Perfected Strike","FearNoEvil+1"],"picked":"SKIP","floor":22},{"not_picked":["Armaments","Redo"],"picked":"SKIP","floor":24},{"not_picked":["Searing Blow"],"picked":"Coolheaded","floor":25},{"not_picked":["Shrug It Off","Anger"],"picked":"SKIP","floor":27},{"not_picked":["CrushJoints+1","Compile Driver"],"picked":"SKIP","floor":30},{"not_picked":["ClearTheMind","Havoc"],"picked":"SKIP","floor":31},{"not_picked":["Blasphemy"],"picked":"Venomology","floor":33},{"not_picked":["Infinite Blades","Shrug It Off"],"picked":"SKIP","floor":35},{"not_picked":["Infinite Blades","Shrug It Off"],"picked":"SKIP","floor":35},{"not_picked":["Ghostly Armor","ThirdEye+1"],"picked":"SKIP","floor":38},{"not_picked":["Armaments","Flying Knee"],"picked":"SKIP","floor":39},{"not_picked":["Thunderclap","Darkness"],"picked":"SKIP","floor":40},{"not_picked":["Blade Dance+1","Sword Boomerang"],"picked":"SKIP","floor":42},{"not_picked":["Blade Dance","Sweeping Beam+1"],"picked":"SKIP","floor":44},{"not_picked":["Distraction","Entrench+1"],"picked":"SKIP","floor":45},{"not_picked":["Scrape","Turbo+1"],"picked":"SKIP","floor":47},{"not_picked":["BowlingBash","Shrug It Off"],"picked":"SKIP","floor":48},{"not_picked":["Warcry","Dagger Throw"],"picked":"SKIP","floor":55}],"player_experience":1919535,"relics_obtained":[{"floor":6,"key":"Question Card"},{"floor":8,"key":"CaptainsWheel"},{"floor":9,"key":"Pen Nib"},{"floor":11,"key":"Blue Candle"},{"floor":13,"key":"PreservedInsect"},{"floor":25,"key":"Mercury Hourglass"},{"floor":26,"key":"Bronze Scales"},{"floor":27,"key":"Ornamental Fan"},{"floor":29,"key":"Paper Crane"},{"floor":30,"key":"Ancient Tea Set"},{"floor":40,"key":"Oddly Smooth Stone"},{"floor":42,"key":"Potion Belt"},{"floor":45,"key":"Shovel"},{"floor":47,"key":"Turnip"},{"floor":55,"key":"Boot"}],"event_choices":[{"damage_healed":0,"gold_gain":0,"player_choice":"Success","damage_taken":11,"relics_obtained":["Blood Vial"],"max_hp_gain":0,"max_hp_loss":0,"event_name":"Scrap Ooze","floor":3,"gold_loss":0},{"damage_healed":16,"gold_gain":0,"player_choice":"Healed","damage_taken":0,"max_hp_gain":0,"max_hp_loss":0,"event_name":"The Cleric","floor":4,"gold_loss":35},{"damage_healed":0,"gold_gain":0,"player_choice":"Grow","damage_taken":0,"max_hp_gain":0,"max_hp_loss":0,"event_name":"Living Wall","floor":5,"gold_loss":0,"cards_upgraded":["Pommel Strike"]},{"damage_healed":0,"gold_gain":50,"player_choice":"Touch","damage_taken":6,"max_hp_gain":0,"max_hp_loss":0,"event_name":"FaceTrader","floor":14,"gold_loss":0},{"damage_healed":0,"gold_gain":0,"player_choice":"Ignored","damage_taken":0,"max_hp_gain":0,"max_hp_loss":0,"event_name":"Vampires","floor":28,"gold_loss":0},{"cards_removed":["Anger"],"damage_healed":5,"gold_gain":0,"player_choice":"Offered Common","damage_taken":0,"max_hp_gain":0,"max_hp_loss":0,"event_name":"Bonfire Elementals","floor":36,"gold_loss":0},{"cards_removed":["Anger"],"damage_healed":5,"gold_gain":0,"player_choice":"Offered Special","damage_taken":0,"max_hp_gain":0,"max_hp_loss":0,"event_name":"Bonfire Elementals","floor":36,"gold_loss":0},{"damage_healed":0,"gold_gain":0,"player_choice":"Fight","damage_taken":0,"max_hp_gain":0,"max_hp_loss":0,"event_name":"Mysterious Sphere","floor":45,"gold_loss":0},{"damage_healed":0,"gold_gain":0,"player_choice":"Fight","damage_taken":0,"max_hp_gain":0,"max_hp_loss":0,"event_name":"MindBloom","floor":47,"gold_loss":0}],"is_beta":false,"boss_relics":[{"not_picked":["HoveringKite","Ectoplasm"],"picked":"Busted Crown"},{"not_picked":["Black Star","Runic Dome"],"picked":"Empty Cage"}],"items_purged_floors":[19,37,46],"is_endless":false,"potions_floor_spawned":[7,12,13,20,21,33,39,44,45,47,48,55],"ascension_level":20,"potion_discard_per_floor":[[],[],[],[],[],[],[],[],[],[],[],[],["PowerPotion"],[],[],[],[],[],[],[],[],[],[],[],[],[],[],[],[],[],[],[],[],[],[],[],[],[],[],[],[],[],[],[],["Poison Potion"],[],[],["AttackPotion"],[],[],[],[],[],[],[],[],[]]}