{"neow_bonuses_skipped_log":["TRANSFORM_CARD","TWO_FIFTY_GOLD","BOSS_RELIC"],"potions_obtained_entropic_brew":[[],[],[],[],[],[],[],[],[],[],[],[],[],[],[],[],[],[],[],[],[],[],[],[],[],[],[],[],[],[],[],[],[],[],[],[],[],[],[],[],[],[],[],[],[],[],[],[],[],[]],"neow_costs_skipped_log":["NONE","CURSE","NONE"],"gold_per_floor":[119,138,213,231,231,264,279,279,279,297,297,624,624,659,659,730,730,747,241,241,16,35,35,63,1,80,110,125,141,152,172,172,244,244,259,273,298,278,288,314,314,332,355,355,380,330,14,39,39,39],"floor_reached":50,"playtime":3569,"items_purged":["Strike_G","Strike_G","Strike_G+1"],"score":1355,"play_id":"eb24df96-bbfa-4976-a323-944abd14873a","local_time":"20230607132039","score_breakdown":["Floors Climbed (50): 250","Enemies Slain (15): 30","Exordium Elites Killed (3): 30","City Elites Killed (2): 40","Beyond Elites Killed (3): 90","Bosses Slain (2): 150","Money Money (1135): 25","Champion (3): 75","Ascension (20): 665"],"is_ascension_mode":true,"potions_obtained_alchemize":[[],[],[],[],[],[],[],[],[],[],[],[],[],[],[],[],[],[],[],[],[],[],[],[],[],[],[],[],[],[],[],[],[],[],[],[],[],[],[],[],[],[],[],[],[],[],[],[],[],[]],"campfire_choices":[{"data":"Blade Dance","floor":8.0,"key":"SMITH"},{"floor":13.0,"key":"REST"},{"data":"Backstab","floor":15.0,"key":"SMITH"},{"data":"Malaise","floor":23.0,"key":"SMITH"},{"data":"Prepared","floor":32.0,"key":"SMITH"},{"data":"Acrobatics","floor":41,"key":"SMITH"},{"floor":49,"key":"RECALL"}],"lesson_learned_per_floor":[[],[],[],[],[],[],[],[],[],[],[],[],[],[],[],[],[],[],[],[],[],[],[],[],[],[],[],[],[],[],[],[],[],[],[],[],[],[],[],[],[],[],[],[],[],[],[],[],[],[]],"neow_cost":"NONE","improvable_cards":{},"seed_source_timestamp":0,"shop_contents":[{"floor":19,"relics":["Darkstone Periapt","Bottled Flame","Lee\u0027s Waffle"],"cards":["Sucker Punch+1","Heel Hook+1","Outmaneuver","Cloak And Dagger","Noxious Fumes","PanicButton","Thinking Ahead"],"potions":["Weak Potion","SpeedPotion","Weak Potion"]},{"floor":21,"relics":["TungstenRod","Pen Nib","Chemical X"],"cards":["Finisher+1","Flying Knee+1","Dodge and Roll","Prepared","A Thousand Cuts","Panacea","HandOfGreed+1"],"potions":["Ancient Potion","CultistPotion","Fruit Juice"]},{"floor":47,"relics":["Nunchaku","Vajra","Frozen Eye"],"cards":["Bane+1","Quick Slash+1","PiercingWail","Blade Dance","Caltrops","Swift Strike+1","Magnetism"],"potions":["Fruit Juice","SmokeBomb","DistilledChaos"]}],"circlet_count":0,"master_deck":["AscendersBane","Strike_G+1","Defend_G","Defend_G","Survivor","Neutralize","Backstab+1","Blade Dance+1","Masterful Stab+1","Die Die Die+1","Malaise+1","Footwork","Acrobatics+1","Noxious Fumes","Well Laid Plans+1","Accuracy","Eviscerate+1","Blade Dance","Prepared+1","Tools of the Trade","Storm of Steel+1","Night Terror+1","Unload+1","Reflex","Terror","Caltrops"],"special_seed":0,"potion_use_per_floor":[[],[],[],[],[],["Fire Potion"],[],[],[],[],[],["Strength Potion"],[],[],[],["CunningPotion"],[],[],[],[],[],[],[],[],[],[],["AttackPotion","GhostInAJar"],[],[],["Fruit Juice"],[],[],["Dexterity Potion"],[],[],[],[],[],[],[],[],["Regen Potion"],[],[],[],[],[],[],[],["FairyPotion","GhostInAJar"]],"relics":["Ring of the Snake","Akabeko","Molten Egg 2","HornCleat","Old Coin","The Courier","Coffee Dripper","Centennial Puzzle","Ornamental Fan","Anchor","Blue Candle","White Beast Statue","Sundial","Astrolabe","Turnip","Dead Branch","Boot","Shuriken","FossilizedHelix"],"potions_floor_usage":[42,50],"damage_taken":[{"damage":0.0,"enemies":"Small Slimes","floor":1.0,"turns":4.0},{"damage":0.0,"enemies":"2 Louse","floor":2.0,"turns":2.0},{"damage":0.0,"enemies":"Cultist","floor":4.0,"turns":2.0},{"damage":2.0,"enemies":"3 Sentries","floor":6.0,"turns":8.0},{"damage":0.0,"enemies":"Blue Slaver","floor":7.0,"turns":2.0},{"damage":3.0,"enemies":"Large Slime","floor":10.0,"turns":6.0},{"damage":10.0,"enemies":"Lagavulin","floor":12.0,"turns":5.0},{"damage":0.0,"enemies":"Gremlin Nob","floor":14.0,"turns":3.0},{"damage":19.0,"enemies":"Slime Boss","floor":16.0,"turns":8.0},{"damage":0.0,"enemies":"Spheric Guardian","floor":18.0,"turns":1.0},{"damage":4.0,"enemies":"2 Thieves","floor":22.0,"turns":4.0},{"damage":29.0,"enemies":"Book of Stabbing","floor":24.0,"turns":9.0},{"damage":0.0,"enemies":"Gremlin Leader","floor":27.0,"turns":5.0},{"damage":0.0,"enemies":"Snake Plant","floor":28.0,"turns":4.0},{"damage":1.0,"enemies":"3 Cultists","floor":29.0,"turns":5.0},{"damage":5.0,"enemies":"Shelled Parasite and Fungi","floor":30.0,"turns":4.0},{"damage":1.0,"enemies":"Centurion and Healer","floor":31.0,"turns":5.0},{"damage":11.0,"enemies":"Automaton","floor":33.0,"turns":9.0},{"damage":0,"enemies":"3 Shapes","floor":35,"turns":2},{"damage":0,"enemies":"Orb Walker","floor":36,"turns":2},{"damage":0,"enemies":"Mind Bloom Boss Battle","floor":37,"turns":7},{"damage":21,"enemies":"Maw","floor":39,"turns":7},{"damage":12,"enemies":"Nemesis","floor":40,"turns":9},{"damage":2,"enemies":"Sphere and 2 Shapes","floor":42,"turns":8},{"damage":0,"enemies":"Giant Head","floor":45,"turns":5},{"damage":8,"enemies":"Nemesis","floor":48,"turns":7},{"damage":80,"enemies":"Time Eater","floor":50,"turns":11}],"green_key_taken_log":24,"seed_played":"-7435970395391279200","neow_bonus_log":{"cardsObtained":[],"cardsUpgraded":[],"cardsRemoved":[],"cardsTransformed":[],"relicsObtained":["Akabeko"],"maxHpGained":0,"goldGained":0,"damageTaken":0,"goldLost":0,"maxHpLost":0},"potions_obtained":[{"floor":2.0,"key":"Strength Potion"},{"floor":4.0,"key":"Fire Potion"},{"floor":7.0,"key":"GhostInAJar"},{"floor":12.0,"key":"CunningPotion"},{"floor":27.0,"key":"Dexterity Potion"},{"floor":28.0,"key":"Energy Potion"},{"floor":29.0,"key":"Fruit Juice"},{"floor":30.0,"key":"Ancient Potion"},{"floor":31.0,"key":"Swift Potion"},{"floor":33,"key":"Swift Potion"},{"floor":37,"key":"GamblersBrew"},{"floor":38,"key":"GhostInAJar"},{"floor":40,"key":"Regen Potion"},{"floor":42,"key":"FearPotion"},{"floor":45,"key":"FairyPotion"}],"is_trial":false,"path_per_floor":["M","M","?","M","?","E","M","R","T","M","?","E","R","E","R","B",null,"M","$","?","$","M","R","E","?","T","E","M","M","M","M","R","B",null,"M","M","?","?","M","E","R","M","T","?","E","?","$","E","R","B"],"character_chosen":"THE_SILENT","basemod:card_modifiers":[null,null,null,null,null,null,null,null,null,null,null,null,null,null,null,null,null,null,null,null,null,null,null,null,null,null],"items_purchased":["Acrobatics","Centennial Puzzle","Ornamental Fan","AttackPotion","Noxious Fumes","Well Laid Plans","Accuracy","Shuriken"],"campfire_rested":1,"item_purchase_floors":[19,19,19,19,21,21,21,47],"current_hp_per_floor":[59,59,48,48,48,46,46,46,46,43,23,13,32,32,32,13,53,53,53,53,53,49,49,20,20,20,20,20,19,19,18,18,7,55,55,55,55,55,34,22,22,35,35,58,58,58,58,50,50,0],"gold":39,"neow_bonus":"RANDOM_COMMON_RELIC","is_prod":false,"is_daily":false,"rewards_skipped":[{"floor":35,"relics":[],"potions":["ColorlessPotion"]},{"floor":36,"relics":[],"potions":["Poison Potion"]},{"floor":39,"relics":[],"potions":["SpeedPotion"]},{"floor":48,"relics":[],"potions":["CunningPotion"]}],"chose_seed":false,"campfire_upgraded":5,"win_rate":0,"floor_exit_playtime":[54,76,79,132,136,267,296,304,309,382,387,433,436,472,480,688,706,733,759,765,812,880,890,1060,1077,1080,1198,1272,1373,1459,1530,1535,1735,1790,1822,1865,2118,2139,2303,2562,2569,2722,2725,2732,2899,2913,2960,3195,3198],"timestamp":1686158439,"blue_key_relic_skipped_log":{"floor":43,"relicID":"MealTicket"},"path_taken":["M","M","?","M","?","E","M","R","T","?","?","E","R","E","R","BOSS","M","$","?","$","M","R","E","?","T","E","M","M","?","M","R","BOSS","M","?","?","?","?","E","R","M","T","?","E","?","$","E","R","BOSS"],"build_version":"2022-12-18","purchased_purges":3,"victory":false,"max_hp_per_floor":[66,66,66,66,66,66,66,66,66,66,66,66,66,66,66,66,66,66,66,66,66,66,66,66,66,66,66,66,66,71,71,71,71,71,71,71,71,71,71,71,71,71,71,58,58,58,58,58,58,58],"relic_stats":{"counters":[27,144],"Blue Candle":[0],"Astrolabe":["Storm of Steel","Night Terror","Unload"],"Dead Branch":[72],"The Courier":264,"Boot":[35],"White Beast Statue":[0.0024998400000000014,0.0,0.10427520000000007,0.0,0.43920256000000024,0.0,0.38386560000000025,0.0,0.06894720000000004,0.0,0.0012096000000000008,7.321742080000002],"Centennial Puzzle":[33],"Ornamental Fan":[316],"Sundial":[18],"Shuriken":[12],"Turnip":[8],"obtain_stats":[{"Blue Candle":25,"Astrolabe":34,"Dead Branch":40,"The Courier":14,"Boot":45,"Akabeko":0,"White Beast Statue":26,"Old Coin":12,"Centennial Puzzle":19,"Anchor":24,"HornCleat":9,"Ornamental Fan":19,"Sundial":27,"Shuriken":47,"Molten Egg 2":6,"Turnip":37,"Coffee Dripper":17,"FossilizedHelix":48,"Ring of the Snake":0},{"Blue Candle":12,"Astrolabe":18,"Dead Branch":23,"The Courier":8,"Boot":25,"Akabeko":0,"White Beast Statue":12,"Old Coin":7,"Centennial Puzzle":10,"Anchor":12,"HornCleat":5,"Ornamental Fan":10,"Sundial":13,"Shuriken":25,"Molten Egg 2":4,"Turnip":21,"Coffee Dripper":9,"FossilizedHelix":26,"Ring of the Snake":0},{"Blue Candle":54,"Astrolabe":86,"Dead Branch":113,"The Courier":32,"Boot":126,"Akabeko":0,"White Beast Statue":54,"Old Coin":29,"Centennial Puzzle":41,"Anchor":54,"HornCleat":18,"Ornamental Fan":41,"Sundial":59,"Shuriken":126,"Molten Egg 2":16,"Turnip":97,"Coffee Dripper":40,"FossilizedHelix":133,"Ring of the Snake":0}],"FossilizedHelix":[2],"Ring of the Snake":[54]},"card_choices":[{"not_picked":["PiercingWail","Sucker Punch"],"picked":"Backstab","floor":1.0},{"not_picked":["Dagger Spray","Acrobatics"],"picked":"Blade Dance","floor":2.0},{"not_picked":["Leg Sweep","Slice","Underhanded Strike"],"picked":"SKIP","floor":4.0},{"not_picked":["Poisoned Stab+1","Riddle With Holes+1"],"picked":"Masterful Stab+1","floor":6.0},{"not_picked":["Dagger Throw+1","Bane+1","Reflex"],"picked":"SKIP","floor":7.0},{"not_picked":["Prepared","Flying Knee+1"],"picked":"Die Die Die+1","floor":10.0},{"not_picked":["A Thousand Cuts","Dodge and Roll","Bouncing Flask"],"picked":"SKIP","floor":12.0},{"not_picked":["Choke+1","Quick Slash+1","Poisoned Stab+1"],"picked":"SKIP","floor":14.0},{"not_picked":["Corpse Explosion","Night Terror"],"picked":"Malaise","floor":16.0},{"not_picked":["Setup+1","Flying Knee+1"],"picked":"Footwork","floor":18.0},{"not_picked":["Dagger Throw+1","Caltrops","Footwork"],"picked":"SKIP","floor":22.0},{"not_picked":["Skewer+1","Die Die Die+1","Bouncing Flask"],"picked":"SKIP","floor":24.0},{"not_picked":["Slice+1","Quick Slash+1","Finisher+1"],"picked":"SKIP","floor":27.0},{"not_picked":["Bane+1","Eviscerate+1","Deadly Poison"],"picked":"SKIP","floor":28.0},{"not_picked":["Deadly Poison+1","Poisoned Stab+1"],"picked":"Eviscerate+1","floor":29.0},{"not_picked":["Heel Hook+1","Escape Plan"],"picked":"Blade Dance","floor":30.0},{"not_picked":["Bane+1","Underhanded Strike+1"],"picked":"Prepared","floor":31.0},{"not_picked":["A Thousand Cuts","Night Terror"],"picked":"Tools of the Trade","floor":33},{"not_picked":["Footwork","Choke+1"],"picked":"Reflex","floor":35},{"not_picked":["Dodge and Roll","Flying Knee+1","Slice+1"],"picked":"SKIP","floor":36},{"not_picked":["Expertise","Endless Agony+1","Escape Plan"],"picked":"SKIP","floor":37},{"not_picked":["Slice+1","Flechettes+1","Backstab+1"],"picked":"SKIP","floor":39},{"not_picked":["Prepared","Underhanded Strike+1"],"picked":"Terror","floor":40},{"not_picked":["Skewer+1","Sucker Punch+1"],"picked":"Caltrops","floor":42},{"not_picked":["Masterful Stab+1","Catalyst","Distraction+1"],"picked":"SKIP","floor":45},{"not_picked":["Terror","Dagger Spray+1","Quick Slash+1"],"picked":"SKIP","floor":48}],"player_experience":1950602,"relics_obtained":[{"floor":6.0,"key":"Molten Egg 2"},{"floor":9.0,"key":"HornCleat"},{"floor":12.0,"key":"Old Coin"},{"floor":14.0,"key":"The Courier"},{"floor":24.0,"key":"Anchor"},{"floor":26.0,"key":"White Beast Statue"},{"floor":27.0,"key":"Sundial"},{"floor":37,"key":"Turnip"},{"floor":40,"key":"Dead Branch"},{"floor":45,"key":"Boot"},{"floor":48,"key":"FossilizedHelix"}],"event_choices":[{"damage_healed":0.0,"max_hp_gain":0.0,"max_hp_loss":0.0,"gold_gain":75.0,"event_name":"World of Goop","player_choice":"Gather Gold","floor":3.0,"gold_loss":0.0,"damage_taken":11.0},{"cards_removed":["Defend_G"],"damage_healed":0.0,"max_hp_gain":0.0,"max_hp_loss":0.0,"gold_gain":0.0,"event_name":"Purifier","player_choice":"Purged","floor":5.0,"gold_loss":0.0,"damage_taken":0.0},{"damage_healed":0.0,"max_hp_gain":0.0,"max_hp_loss":0.0,"gold_gain":0.0,"event_name":"Shining Light","player_choice":"Entered Light","floor":11.0,"gold_loss":0.0,"damage_taken":20.0,"cards_upgraded":["Strike_G","Strike_G"]},{"damage_healed":0.0,"max_hp_gain":0.0,"max_hp_loss":0.0,"gold_gain":0.0,"event_name":"Vampires","player_choice":"Ignored","floor":20.0,"gold_loss":0.0,"damage_taken":0.0},{"damage_healed":0.0,"max_hp_gain":0.0,"max_hp_loss":0.0,"gold_gain":0.0,"event_name":"WeMeetAgain","player_choice":"Paid Gold","floor":25.0,"gold_loss":62.0,"damage_taken":0.0,"relics_obtained":["Blue Candle"]},{"damage_healed":0,"gold_gain":0,"player_choice":"Fight","damage_taken":0,"max_hp_gain":0,"max_hp_loss":0,"event_name":"MindBloom","floor":37,"gold_loss":0},{"damage_healed":0,"gold_gain":0,"player_choice":"Bought 1 Potion","damage_taken":0,"max_hp_gain":0,"max_hp_loss":0,"event_name":"The Woman in Blue","floor":38,"gold_loss":0},{"damage_healed":58,"gold_gain":0,"player_choice":"Heal","damage_taken":0,"max_hp_gain":0,"max_hp_loss":13,"event_name":"The Moai Head","floor":44,"gold_loss":0},{"damage_healed":0,"gold_gain":0,"player_choice":"Upgrade","damage_taken":0,"max_hp_gain":0,"max_hp_loss":0,"event_name":"Designer","floor":46,"gold_loss":50,"cards_upgraded":["Well Laid Plans"]}],"is_beta":false,"boss_relics":[{"not_picked":["Tiny House","Sozu"],"picked":"Coffee Dripper"},{"not_picked":["SlaversCollar","Velvet Choker"],"picked":"Astrolabe"}],"items_purged_floors":[19,21,47],"is_endless":false,"potions_floor_spawned":[2,4,7,12,27,28,29,30,31,33,35,36,37,39,40,42,45,48],"killed_by":"Time Eater","ascension_level":20,"potion_discard_per_floor":[[],[],[],[],[],[],[],[],[],[],[],[],[],[],[],[],[],[],[],[],[],[],[],[],[],[],[],[],["Energy Potion"],[],["Ancient Potion"],[],[],[],[],[],["Swift Potion"],["Swift Potion"],[],["GamblersBrew"],[],[],[],[],["FearPotion"],[],[],[],[],[]]}