{"neow_bonuses_skipped_log":["THREE_SMALL_POTIONS","REMOVE_TWO","BOSS_RELIC"],"neow_costs_skipped_log":["NONE","PERCENT_DAMAGE","NONE"],"potions_obtained_entropic_brew":[[],[],[],[],[],[],[],[],[],[],[],[],[]],"gold_per_floor":[114,127,147,147,161,161,161,188,188,188,217,24,24],"floor_reached":13,"playtime":484,"items_purged":[],"score":166,"play_id":"12b363d9-0adf-4a5c-a89d-869fc3c7fed5","local_time":"20230914173813","score_breakdown":["Floors Climbed (13): 65","Enemies Slain (4): 8","Exordium Elites Killed (1): 10","Bosses Slain (0): 0","Ascension (20): 83"],"is_ascension_mode":true,"potions_obtained_alchemize":[[],[],[],[],[],[],[],[],[],[],[],[],[]],"campfire_choices":[{"data":"Noxious Fumes","floor":6,"key":"SMITH"},{"floor":10,"key":"REST"}],"lesson_learned_per_floor":[[],[],[],[],[],[],[],[],[],[],[],[],[]],"neow_cost":"NONE","improvable_cards":{},"seed_source_timestamp":483624788409700,"shop_contents":[{"floor":12,"relics":["Centennial Puzzle","Cauldron"],"cards":["Predator+1","Flechettes+1","Outmaneuver","Noxious Fumes","Blind","Master of Strategy"],"potions":["Block Potion","DistilledChaos","Strength Potion"]}],"circlet_count":0,"master_deck":["AscendersBane","Strike_G","Strike_G","Strike_G","Strike_G","Strike_G","Defend_G","Defend_G","Defend_G","Defend_G","Defend_G","Survivor","Neutralize","Flying Knee","Dagger Throw","Noxious Fumes+1","Backflip","Tools of the Trade","Backflip"],"potion_use_per_floor":[[],[],[],[],[],[],[],["SpeedPotion"],[],[],["Swift Potion"],[],[]],"relics":["Ring of the Snake","Molten Egg 2","Odd Mushroom","Singing Bowl","Tiny Chest","Oddly Smooth Stone"],"potions_floor_usage":[8,11],"damage_taken":[{"damage":9,"enemies":"Small Slimes","floor":1,"turns":6},{"damage":10,"enemies":"Cultist","floor":2,"turns":6},{"damage":0,"enemies":"Jaw Worm","floor":3,"turns":6},{"damage":4,"enemies":"3 Louse","floor":5,"turns":4},{"damage":12,"enemies":"The Mushroom Lair","floor":8,"turns":6},{"damage":47,"enemies":"Gremlin Nob","floor":11,"turns":5},{"damage":10,"enemies":"Lagavulin","floor":13,"turns":8}],"seed_played":"-8793369921909907627","neow_bonus_log":{"cardsObtained":["A Thousand Cuts"],"cardsUpgraded":[],"cardsRemoved":[],"cardsTransformed":[],"relicsObtained":[],"maxHpGained":0,"goldGained":0,"damageTaken":0,"goldLost":0,"maxHpLost":0},"potions_obtained":[{"floor":2,"key":"SpeedPotion"},{"floor":3,"key":"Swift Potion"}],"is_trial":false,"path_per_floor":["M","M","M","?","M","R","?","?","T","R","E","$","E"],"character_chosen":"THE_SILENT","basemod:card_modifiers":[null,null,null,null,null,null,null,null,null,null,null,null,null,null,null,null,null,null,null],"items_purchased":["Oddly Smooth Stone","Backflip"],"campfire_rested":1,"item_purchase_floors":[12,12],"current_hp_per_floor":[50,40,40,76,72,72,46,34,34,56,9,9,0],"gold":24,"neow_bonus":"ONE_RANDOM_RARE_CARD","is_prod":false,"is_daily":false,"rewards_skipped":[{"floor":5,"relics":[],"potions":["SmokeBomb"]}],"chose_seed":false,"campfire_upgraded":1,"win_rate":0,"floor_exit_playtime":[94,142,184,193,235,243,247,325,328,336,394,406],"timestamp":1694727493,"path_taken":["M","M","M","?","?","R","?","?","T","R","E","?","E"],"build_version":"2022-12-18","purchased_purges":0,"victory":false,"max_hp_per_floor":[66,66,66,76,76,76,76,76,76,76,76,76,76],"relic_stats":{"Singing Bowl":0,"counters":[7,41],"Tiny Chest":0,"obtain_stats":[{"Singing Bowl":9,"Oddly Smooth Stone":12,"Molten Egg 2":7,"Tiny Chest":11,"Odd Mushroom":8,"Ring of the Snake":0},{"Singing Bowl":5,"Oddly Smooth Stone":6,"Molten Egg 2":4,"Tiny Chest":6,"Odd Mushroom":5,"Ring of the Snake":0},{"Singing Bowl":28,"Oddly Smooth Stone":33,"Molten Egg 2":22,"Tiny Chest":33,"Odd Mushroom":28,"Ring of the Snake":0}],"Ring of the Snake":[14]},"card_choices":[{"not_picked":["Deflect","Flechettes","Underhanded Strike"],"picked":"SKIP","floor":1},{"not_picked":["Dagger Spray","Envenom"],"picked":"Flying Knee","floor":2},{"not_picked":["All Out Attack","Sucker Punch"],"picked":"Dagger Throw","floor":3},{"not_picked":["Deadly Poison","Setup"],"picked":"Noxious Fumes","floor":5},{"not_picked":["Setup","Flechettes+1"],"picked":"Backflip","floor":8},{"not_picked":["Slice+1","Cloak And Dagger"],"picked":"Tools of the Trade","floor":11}],"player_experience":2003594,"relics_obtained":[{"floor":8,"key":"Odd Mushroom"},{"floor":9,"key":"Singing Bowl"},{"floor":11,"key":"Tiny Chest"}],"event_choices":[{"cards_removed":["A Thousand Cuts"],"damage_healed":26,"gold_gain":0,"player_choice":"Offered Rare","damage_taken":0,"max_hp_gain":10,"max_hp_loss":0,"event_name":"Bonfire Elementals","floor":4,"gold_loss":0},{"damage_healed":0,"gold_gain":0,"player_choice":"Success","damage_taken":26,"relics_obtained":["Molten Egg 2"],"max_hp_gain":0,"max_hp_loss":0,"event_name":"Scrap Ooze","floor":7,"gold_loss":0},{"damage_healed":0,"gold_gain":0,"player_choice":"Fought Mushrooms","damage_taken":0,"max_hp_gain":0,"max_hp_loss":0,"event_name":"Mushrooms","floor":8,"gold_loss":0}],"is_beta":false,"boss_relics":[],"items_purged_floors":[],"is_endless":false,"potions_floor_spawned":[2,3,5],"killed_by":"Lagavulin","ascension_level":20,"potion_discard_per_floor":[[],[],[],[],[],[],[],[],[],[],[],[],[]]}