{"neow_bonuses_skipped_log":["TEN_PERCENT_HP_BONUS","TWENTY_PERCENT_HP_BONUS","BOSS_RELIC"],"neow_costs_skipped_log":["NONE","PERCENT_DAMAGE","NONE"],"potions_obtained_entropic_brew":[[],[],[],[],[],[],[],[],[],[],[],[],[],[],[],[],[],[],[],[],[],[],[],[],[],[],[],[],[],[],[],[],[],[],[],[],[],[],[],[],[],[],[],[],[],[],[],[],[],[],[],[],[],[],[],[]],"gold_per_floor":[114,114,124,143,143,143,171,183,209,222,202,45,75,86,86,157,157,172,188,188,205,217,246,263,263,263,263,21,21,71,90,90,168,168,186,186,204,204,204,222,253,270,270,286,11,11,45,62,62,62,62,62,62,23,57,57],"floor_reached":56,"playtime":3693,"items_purged":["Normality","Strike_G"],"score":1982,"play_id":"4f8f4d4b-cf2b-44ab-8d4c-81a73384ee09","local_time":"20230913053001","falling_options_log":["Defend_G","Noxious Fumes"],"score_breakdown":["Floors Climbed (56): 280","Enemies Slain (18): 36","Exordium Elites Killed (2): 20","City Elites Killed (1): 20","Beyond Elites Killed (2): 60","Bosses Slain (4): 500","Champion (1): 25","Perfect (1): 50","Ascension (20): 991"],"is_ascension_mode":true,"potions_obtained_alchemize":[[],[],[],[],[],[],[],[],[],[],[],[],[],[],[],[],[],[],[],[],[],[],[],[],[],[],[],[],[],[],[],[],[],[],[],[],[],[],[],[],[],[],[],[],[],[],[],[],[],[],[],[],[],[],[],[]],"campfire_choices":[{"data":"Blade Dance","floor":6,"key":"SMITH"},{"data":"Acrobatics","floor":15,"key":"SMITH"},{"data":"Accuracy","floor":25,"key":"SMITH"},{"data":"Footwork","floor":27,"key":"SMITH"},{"data":"Acrobatics","floor":29,"key":"SMITH"},{"data":"Wraith Form v2","floor":32,"key":"SMITH"},{"data":"Wraith Form v2","floor":46,"key":"SMITH"},{"floor":49,"key":"RECALL"},{"floor":53,"key":"REST"}],"lesson_learned_per_floor":[[],[],[],[],[],[],[],[],[],[],[],[],[],[],[],[],[],[],[],[],[],[],[],[],[],[],[],[],[],[],[],[],[],[],[],[],[],[],[],[],[],[],[],[],[],[],[],[],[],[],[],[],[],[],[],[]],"neow_cost":"NONE","improvable_cards":{},"seed_source_timestamp":0,"shop_contents":[{"floor":12,"relics":["Bag of Marbles","Dream Catcher"],"cards":["Poisoned Stab","Underhanded Strike","Calculated Gamble","Cloak And Dagger","Accuracy","Trip","Magnetism"],"potions":["ColorlessPotion","Explosive Potion","BlessingOfTheForge"]},{"floor":28,"relics":["Vajra","Potion Belt"],"cards":["Die Die Die","Slice","Crippling Poison","Leg Sweep","Infinite Blades","Impatience","Secret Technique"],"potions":["EntropicBrew","SpeedPotion","LiquidMemories"]},{"floor":45,"relics":["Calipers","Shuriken","TheAbacus"],"cards":["Grand Finale","Eviscerate","Deadly Poison","Catalyst","Jack Of All Trades","Secret Technique"],"potions":["SkillPotion","DistilledChaos","Poison Potion"]},{"floor":54,"relics":["Thread and Needle","Orichalcum","Lee\u0027s Waffle"],"cards":["Slice","Flechettes","Dodge and Roll","Catalyst","Dramatic Entrance","Metamorphosis"],"potions":["Dexterity Potion","Regen Potion","ColorlessPotion"]}],"circlet_count":0,"master_deck":["AscendersBane","Strike_G+1","Defend_G","Defend_G","Defend_G","Defend_G+1","Defend_G","Survivor+1","Neutralize","Backstab","Blade Dance+1","Distraction","Accuracy+1","Noxious Fumes","Footwork+1","Blade Dance","Adrenaline","Accuracy","Blade Dance","Terror+1","Acrobatics+1","Wraith Form v2+1","Acrobatics+1","Escape Plan","Night Terror","Calculated Gamble","Tactician","Expertise+1","Wraith Form v2+1","Well Laid Plans","Acrobatics"],"special_seed":0,"potion_use_per_floor":[[],[],[],[],[],[],["SteroidPotion","Explosive Potion"],[],[],[],[],[],[],[],[],[],[],[],[],[],[],["Swift Potion"],[],["DistilledChaos"],[],[],[],[],[],[],[],[],[],[],[],[],[],[],[],[],["PowerPotion"],[],[],[],[],[],[],[],[],["SkillPotion"],["FairyPotion"],[],[],[],[],["Swift Potion"]],"relics":["Ring of the Snake","Strawberry","Toy Ornithopter","Orrery","Art of War","Cursed Key","Anchor","ClockworkSouvenir","Black Star","Akabeko","Bronze Scales","Happy Flower","Snake Skull","War Paint","Pen Nib"],"potions_floor_usage":[7,7,22,24,41,50,56],"damage_taken":[{"damage":0.0,"enemies":"2 Louse","floor":1.0,"turns":3.0},{"damage":1.0,"enemies":"Cultist","floor":3.0,"turns":4.0},{"damage":0,"enemies":"Jaw Worm","floor":4,"turns":3},{"damage":5,"enemies":"Gremlin Nob","floor":7,"turns":3},{"damage":0,"enemies":"Looter","floor":8,"turns":2},{"damage":5,"enemies":"Large Slime","floor":10,"turns":6},{"damage":0,"enemies":"Lagavulin","floor":13,"turns":2},{"damage":1,"enemies":"3 Louse","floor":14,"turns":4},{"damage":0,"enemies":"The Guardian","floor":16,"turns":8},{"damage":5,"enemies":"Shell Parasite","floor":18,"turns":4},{"damage":1,"enemies":"3 Byrds","floor":19,"turns":5},{"damage":0,"enemies":"Centurion and Healer","floor":21,"turns":4},{"damage":11,"enemies":"Shelled Parasite and Fungi","floor":22,"turns":3},{"damage":15,"enemies":"Book of Stabbing","floor":23,"turns":3},{"damage":1,"enemies":"Sentry and Sphere","floor":24,"turns":3},{"damage":19,"enemies":"Snake Plant","floor":31,"turns":4},{"damage":6,"enemies":"Automaton","floor":33,"turns":8},{"damage":0,"enemies":"Orb Walker","floor":35,"turns":4},{"damage":27,"enemies":"3 Darklings","floor":37,"turns":4},{"damage":4,"enemies":"Maw","floor":40,"turns":5},{"damage":14,"enemies":"Nemesis","floor":41,"turns":5},{"damage":0,"enemies":"Sphere and 2 Shapes","floor":42,"turns":4},{"damage":1,"enemies":"Spire Growth","floor":44,"turns":5},{"damage":28,"enemies":"Reptomancer","floor":47,"turns":4},{"damage":0,"enemies":"3 Darklings","floor":48,"turns":4},{"damage":21,"enemies":"Time Eater","floor":50,"turns":16},{"damage":30,"enemies":"Donu and Deca","floor":51,"turns":10},{"damage":3,"enemies":"Shield and Spear","floor":55,"turns":6},{"damage":63,"enemies":"The Heart","floor":56,"turns":9}],"green_key_taken_log":41,"seed_played":"3175794914508578775","neow_bonus_log":{"cardsObtained":["Backstab"],"cardsUpgraded":[],"cardsRemoved":[],"cardsTransformed":["Strike_G"],"relicsObtained":[],"maxHpGained":0,"goldGained":0,"damageTaken":0,"goldLost":0,"maxHpLost":0},"potions_obtained":[{"floor":3.0,"key":"Explosive Potion"},{"floor":4,"key":"SteroidPotion"},{"floor":7,"key":"Swift Potion"},{"floor":11,"key":"FairyPotion"},{"floor":23,"key":"DistilledChaos"},{"floor":33,"key":"PowerPotion"},{"floor":47,"key":"SkillPotion"},{"floor":55,"key":"Swift Potion"}],"is_trial":false,"path_per_floor":["M","?","M","M","?","R","E","M","T","M","?","$","E","M","R","B",null,"M","M","T","M","M","E","M","R","T","R","$","R","?","M","R","B",null,"M","?","M","?","?","M","E","M","T","M","$","R","E","M","R","B","B",null,"R","$","E","B"],"character_chosen":"THE_SILENT","basemod:card_modifiers":[null,null,null,null,null,null,null,null,null,null,null,null,null,null,null,null,null,null,null,null,null,null,null,null,null,null,null,null,null,null,null],"items_purchased":["Orrery","ClockworkSouvenir","Wraith Form v2","Well Laid Plans"],"campfire_rested":1,"item_purchase_floors":[12,28,45,54],"current_hp_per_floor":[59,59,58,58,38,38,40,40,40,35,35,35,35,34,34,34,63,58,57,57,57,51,36,40,40,40,40,40,40,40,21,21,15,59,59,59,32,32,60,56,46,46,46,45,45,45,17,17,17,1,3,46,60,60,57,0],"gold":57,"neow_bonus":"TRANSFORM_CARD","is_prod":false,"is_daily":false,"rewards_skipped":[{"floor":13,"relics":[],"potions":["Swift Potion"]},{"floor":18,"relics":[],"potions":["Weak Potion"]},{"floor":37,"relics":[],"potions":["PowerPotion"]}],"chose_seed":false,"campfire_upgraded":7,"win_rate":0,"floor_exit_playtime":[186,205,272,343,346,355,398,432,435,512,518,555,585,646,676,804,829,887,1015,1022,1094,1174,1236,1317,1340,1345,1365,1382,1400,1404,1468,1474,1712,1751,1803,1806,1899,1904,1913,2006,2178,2270,2273,2345,2390,2414,2523,2632,2636,2917,3136,3152,3179,3186,3386],"timestamp":1694597401,"blue_key_relic_skipped_log":{"floor":26,"relicID":"The Courier"},"path_taken":["M","?","M","M","?","R","E","M","T","M","?","$","E","M","R","BOSS","M","M","?","M","M","E","?","R","T","R","$","R","?","M","R","BOSS","M","?","M","?","?","M","E","M","T","M","?","R","E","M","R","BOSS","BOSS","R","$","E","BOSS"],"build_version":"2022-12-18","purchased_purges":2,"victory":false,"max_hp_per_floor":[66,66,66,66,66,66,73,73,73,73,73,73,73,73,73,73,73,73,73,73,73,73,73,73,73,73,73,73,73,73,73,73,73,73,73,73,73,73,60,60,60,60,60,60,60,60,60,60,60,60,60,60,60,60,60,60],"relic_stats":{"Happy Flower":[15],"counters":[29,145],"Bronze Scales":[315],"Snake Skull":[22],"Pen Nib":[2],"Art of War":[18],"Black Star":3,"War Paint":["Terror","Defend_G"],"Cursed Key":1,"obtain_stats":[{"Happy Flower":47,"Snake Skull":47,"Pen Nib":55,"War Paint":55,"Cursed Key":17,"Akabeko":41,"ClockworkSouvenir":28,"Anchor":23,"Strawberry":7,"Bronze Scales":41,"Orrery":12,"Art of War":13,"Black Star":34,"Toy Ornithopter":9,"Ring of the Snake":0},{"Happy Flower":24,"Snake Skull":24,"Pen Nib":28,"War Paint":28,"Cursed Key":9,"Akabeko":21,"ClockworkSouvenir":15,"Anchor":14,"Strawberry":4,"Bronze Scales":21,"Orrery":6,"Art of War":7,"Black Star":17,"Toy Ornithopter":5,"Ring of the Snake":0},{"Happy Flower":100,"Snake Skull":100,"Pen Nib":136,"War Paint":136,"Cursed Key":35,"Akabeko":87,"ClockworkSouvenir":57,"Anchor":54,"Strawberry":13,"Bronze Scales":87,"Orrery":21,"Art of War":23,"Black Star":69,"Toy Ornithopter":15,"Ring of the Snake":0}],"Toy Ornithopter":24,"Ring of the Snake":[58]},"card_choices":[{"not_picked":["Backflip","Caltrops"],"picked":"Blade Dance","floor":1.0},{"not_picked":["Leg Sweep","Footwork"],"picked":"Accuracy","floor":3.0},{"not_picked":["Dagger Spray","Setup","Deflect"],"picked":"SKIP","floor":4},{"not_picked":["Caltrops","Glass Knife"],"picked":"Noxious Fumes","floor":7},{"not_picked":["Dagger Spray","Underhanded Strike"],"picked":"Footwork","floor":8},{"not_picked":["Dagger Throw","Flying Knee"],"picked":"Blade Dance","floor":10},{"not_picked":["All Out Attack","Outmaneuver"],"picked":"Adrenaline","floor":12},{"not_picked":["Catalyst","Masterful Stab"],"picked":"Accuracy","floor":12},{"not_picked":["Backflip","Crippling Poison"],"picked":"Blade Dance","floor":12},{"not_picked":["Tactician","Slice"],"picked":"Terror","floor":12},{"not_picked":["Deflect","Deadly Poison","Quick Slash"],"picked":"SKIP","floor":12},{"not_picked":["Outmaneuver","Flying Knee"],"picked":"Acrobatics","floor":13},{"not_picked":["Blade Dance","Finisher","Heel Hook"],"picked":"SKIP","floor":14},{"not_picked":["Glass Knife","Tools of the Trade"],"picked":"Wraith Form v2","floor":16},{"not_picked":["Bane","Sucker Punch"],"picked":"Acrobatics","floor":18},{"not_picked":["Sucker Punch+1","Underhanded Strike","Deflect"],"picked":"SKIP","floor":19},{"not_picked":["Dash","Dagger Throw","Finisher"],"picked":"SKIP","floor":21},{"not_picked":["Dagger Spray","Poisoned Stab","Flechettes"],"picked":"SKIP","floor":22},{"not_picked":["Crippling Poison","Bane+1","Dagger Throw"],"picked":"SKIP","floor":23},{"not_picked":["Crippling Poison","Bane+1","Dagger Throw"],"picked":"SKIP","floor":23},{"not_picked":["Finisher+1","Blur","Quick Slash"],"picked":"SKIP","floor":24},{"not_picked":["Finisher+1","Blur","Quick Slash"],"picked":"SKIP","floor":24},{"not_picked":["Dagger Throw","Distraction"],"picked":"Escape Plan","floor":31},{"not_picked":["Wraith Form v2","Burst"],"picked":"Night Terror","floor":33},{"not_picked":["Infinite Blades","Underhanded Strike+1","Cloak And Dagger"],"picked":"SKIP","floor":35},{"not_picked":["Deadly Poison+1","Dagger Spray"],"picked":"Calculated Gamble","floor":37},{"not_picked":["Catalyst","Dodge and Roll+1"],"picked":"Tactician","floor":40},{"not_picked":["Slice","Catalyst","Storm of Steel"],"picked":"SKIP","floor":41},{"not_picked":["Deadly Poison","PiercingWail","Infinite Blades"],"picked":"SKIP","floor":42},{"not_picked":["Masterful Stab","Catalyst"],"picked":"Expertise+1","floor":44},{"not_picked":["Reflex","Deflect+1","Slice"],"picked":"SKIP","floor":47},{"not_picked":["Slice","Blade Dance","Quick Slash"],"picked":"SKIP","floor":48},{"not_picked":["Cloak And Dagger","Crippling Poison"],"picked":"Acrobatics","floor":55}],"player_experience":1986685,"relics_obtained":[{"floor":7,"key":"Strawberry"},{"floor":9,"key":"Toy Ornithopter"},{"floor":13,"key":"Art of War"},{"floor":23,"key":"Anchor"},{"floor":41,"key":"Akabeko"},{"floor":41,"key":"Bronze Scales"},{"floor":47,"key":"Happy Flower"},{"floor":47,"key":"Snake Skull"},{"floor":55,"key":"War Paint"},{"floor":55,"key":"Pen Nib"}],"event_choices":[{"damage_healed":0.0,"max_hp_gain":0.0,"max_hp_loss":0.0,"gold_gain":0.0,"cards_transformed":["Strike_G"],"event_name":"Living Wall","player_choice":"Change","floor":2.0,"gold_loss":0.0,"damage_taken":0.0,"cards_obtained":["Distraction"]},{"damage_healed":0,"gold_gain":0,"player_choice":"Entered Light","damage_taken":20,"max_hp_gain":0,"max_hp_loss":0,"event_name":"Shining Light","floor":5,"gold_loss":0,"cards_upgraded":["Survivor","Strike_G"]},{"damage_healed":0,"gold_gain":0,"player_choice":"Bought 1 Potion","damage_taken":0,"max_hp_gain":0,"max_hp_loss":0,"event_name":"The Woman in Blue","floor":11,"gold_loss":0},{"damage_healed":0,"gold_gain":50,"player_choice":"Stole From Cult","damage_taken":0,"max_hp_gain":0,"max_hp_loss":0,"event_name":"Nest","floor":30,"gold_loss":0},{"damage_healed":0,"gold_gain":0,"player_choice":"Ignored","damage_taken":0,"max_hp_gain":0,"max_hp_loss":0,"event_name":"Tomb of Lord Red Mask","floor":36,"gold_loss":0},{"cards_removed":["Strike_G"],"damage_healed":0,"gold_gain":0,"player_choice":"Removed Attack","damage_taken":0,"max_hp_gain":0,"max_hp_loss":0,"event_name":"Falling","floor":38,"gold_loss":0},{"damage_healed":60,"gold_gain":0,"player_choice":"Heal","damage_taken":0,"max_hp_gain":0,"max_hp_loss":13,"event_name":"The Moai Head","floor":39,"gold_loss":0}],"is_beta":false,"boss_relics":[{"not_picked":["SacredBark","Ring of the Serpent"],"picked":"Cursed Key"},{"not_picked":["Runic Dome","Sozu"],"picked":"Black Star"}],"items_purged_floors":[28,45],"is_endless":false,"potions_floor_spawned":[3,4,7,13,18,23,33,37,47,55],"killed_by":"The Heart","ascension_level":20,"potion_discard_per_floor":[[],[],[],[],[],[],[],[],[],[],[],[],[],[],[],[],[],[],[],[],[],[],[],[],[],[],[],[],[],[],[],[],[],[],[],[],[],[],[],[],[],[],[],[],[],[],[],[],[],[],[],[],[],[],[],[]]}