{"neow_bonuses_skipped_log":["THREE_ENEMY_KILL","TWENTY_PERCENT_HP_BONUS","BOSS_RELIC"],"neow_costs_skipped_log":["NONE","CURSE","NONE"],"potions_obtained_entropic_brew":[[],[],[],[],[],[],[],[],[],[]],"gold_per_floor":[111,122,122,47,70,70,95,139,151,163],"floor_reached":10,"playtime":306,"items_purged":[],"score":132,"play_id":"2fbf862a-c380-4671-b79c-ace317069d64","local_time":"20231001112702","score_breakdown":["Floors Climbed (10): 50","Enemies Slain (3): 6","Exordium Elites Killed (1): 10","Bosses Slain (0): 0","Ascension (20): 66"],"is_ascension_mode":true,"potions_obtained_alchemize":[[],[],[],[],[],[],[],[],[],[]],"campfire_choices":[{"data":"Predator","floor":6,"key":"SMITH"}],"lesson_learned_per_floor":[[],[],[],[],[],[],[],[],[],[]],"neow_cost":"NONE","improvable_cards":{},"seed_source_timestamp":1242486695955200,"shop_contents":[],"circlet_count":0,"master_deck":["AscendersBane","Strike_G","Strike_G","Strike_G","Strike_G","Defend_G","Defend_G","Defend_G+1","Defend_G","Defend_G+1","Survivor","Neutralize","Sucker Punch","Predator+1","Dagger Spray","Slice"],"potion_use_per_floor":[[],[],[],[],[],[],[],["Weak Potion"],[],["CunningPotion"]],"relics":["Ring of the Snake","Golden Idol","War Paint","MawBank","Bird Faced Urn"],"potions_floor_usage":[8,10],"damage_taken":[{"damage":0,"enemies":"Jaw Worm","floor":1,"turns":5},{"damage":0,"enemies":"2 Louse","floor":2,"turns":5},{"damage":0,"enemies":"Cultist","floor":7,"turns":3},{"damage":44,"enemies":"Lagavulin","floor":8,"turns":11},{"damage":26,"enemies":"Gremlin Nob","floor":10,"turns":3}],"seed_played":"3558754083844484020","neow_bonus_log":{"cardsObtained":[],"cardsUpgraded":[],"cardsRemoved":[],"cardsTransformed":[],"relicsObtained":[],"maxHpGained":0,"goldGained":0,"damageTaken":0,"goldLost":0,"maxHpLost":0},"potions_obtained":[{"floor":7,"key":"Weak Potion"},{"floor":8,"key":"CunningPotion"}],"is_trial":false,"path_per_floor":["M","M","?","?","T","R","M","E","T","E"],"character_chosen":"THE_SILENT","basemod:card_modifiers":[null,null,null,null,null,null,null,null,null,null,null,null,null,null,null,null],"items_purchased":[],"campfire_rested":0,"item_purchase_floors":[],"current_hp_per_floor":[59,59,59,59,59,59,59,15,15,0],"gold":163,"neow_bonus":"THREE_CARDS","is_prod":false,"is_daily":false,"rewards_skipped":[],"chose_seed":false,"campfire_upgraded":1,"win_rate":0,"floor_exit_playtime":[94,143,146,153,156,161,188,275,282],"timestamp":1696174022,"path_taken":["M","M","?","?","?","R","M","E","T","E"],"build_version":"2022-12-18","purchased_purges":0,"victory":false,"max_hp_per_floor":[66,66,60,60,60,60,60,60,60,60],"relic_stats":{"counters":[5,27],"Golden Idol":14,"Bird Faced Urn":[0],"War Paint":["Defend_G","Defend_G"],"MawBank":24,"obtain_stats":[{"Golden Idol":3,"Bird Faced Urn":9,"War Paint":5,"MawBank":8,"Ring of the Snake":0},{"Golden Idol":2,"Bird Faced Urn":4,"War Paint":2,"MawBank":4,"Ring of the Snake":0},{"Golden Idol":10,"Bird Faced Urn":24,"War Paint":10,"MawBank":24,"Ring of the Snake":0}],"Ring of the Snake":[10]},"card_choices":[{"not_picked":["Deflect","Heel Hook"],"picked":"Sucker Punch","floor":0},{"not_picked":["Dagger Throw","Bane"],"picked":"Predator","floor":1},{"not_picked":["Sucker Punch","Bane","Prepared"],"picked":"SKIP","floor":2},{"not_picked":["Poisoned Stab","Prepared"],"picked":"Dagger Spray","floor":7},{"not_picked":["Deflect","Concentrate"],"picked":"Slice","floor":8}],"player_experience":2013214,"relics_obtained":[{"floor":5,"key":"War Paint"},{"floor":8,"key":"MawBank"},{"floor":9,"key":"Bird Faced Urn"}],"event_choices":[{"damage_healed":0,"gold_gain":0,"player_choice":"Lose Max HP","damage_taken":0,"relics_obtained":["Golden Idol"],"max_hp_gain":0,"max_hp_loss":6,"event_name":"Golden Idol","floor":3,"gold_loss":0},{"cards_removed":["Strike_G"],"damage_healed":0,"gold_gain":0,"player_choice":"Card Removal","damage_taken":0,"max_hp_gain":0,"max_hp_loss":0,"event_name":"The Cleric","floor":4,"gold_loss":75}],"is_beta":false,"boss_relics":[],"items_purged_floors":[],"is_endless":false,"potions_floor_spawned":[7,8],"killed_by":"Gremlin Nob","ascension_level":20,"potion_discard_per_floor":[[],[],[],[],[],[],[],[],[],[]]}