{"neow_bonuses_skipped_log":["ONE_RANDOM_RARE_CARD","THREE_SMALL_POTIONS","BOSS_RELIC"],"potions_obtained_entropic_brew":[[],[],[],[],[],[],[],[],[],[],[],[],[],[]],"neow_costs_skipped_log":["NONE","NONE","NONE"],"gold_per_floor":[14,14,28,48,48,48,69,109,109,128,141,159,182,182],"floor_reached":14,"playtime":527,"items_purged":[],"score":192,"play_id":"d5aa2de1-bd5e-4b2c-97e3-13cda8249326","local_time":"20231005020127","score_breakdown":["Floors Climbed (14): 70","Enemies Slain (8): 16","Exordium Elites Killed (1): 10","Bosses Slain (0): 0","Ascension (20): 96"],"is_ascension_mode":true,"potions_obtained_alchemize":[[],[],[],[],[],[],[],[],[],[],[],[],[],[]],"campfire_choices":[{"data":"Eviscerate","floor":6,"key":"SMITH"}],"lesson_learned_per_floor":[[],[],[],[],[],[],[],[],[],[],[],[],[],[]],"neow_cost":"NO_GOLD","improvable_cards":{},"seed_source_timestamp":1553929984394600,"shop_contents":[],"circlet_count":0,"master_deck":["AscendersBane","Strike_G","Strike_G","Strike_G","Strike_G","Strike_G","Defend_G","Defend_G","Defend_G","Defend_G","Defend_G","Survivor","Neutralize","Unload+1","Flying Knee","Eviscerate+1","Acrobatics","Backflip","Deadly Poison","Catalyst","Footwork"],"potion_use_per_floor":[[],[],[],[],[],[],[],["GamblersBrew"],[],[],[],[],["DuplicationPotion"],[]],"relics":["Ring of the Snake","Golden Idol","Matryoshka","PreservedInsect","Eternal Feather"],"potions_floor_usage":[8,13],"damage_taken":[{"damage":0,"enemies":"2 Louse","floor":1,"turns":2},{"damage":13,"enemies":"Small Slimes","floor":3,"turns":7},{"damage":3,"enemies":"Jaw Worm","floor":4,"turns":4},{"damage":9,"enemies":"Gremlin Gang","floor":7,"turns":6},{"damage":25,"enemies":"3 Sentries","floor":8,"turns":8},{"damage":0,"enemies":"2 Fungi Beasts","floor":10,"turns":3},{"damage":0,"enemies":"Blue Slaver","floor":11,"turns":3},{"damage":1,"enemies":"Looter","floor":12,"turns":3},{"damage":6,"enemies":"Exordium Thugs","floor":13,"turns":4},{"damage":7,"enemies":"Lots of Slimes","floor":14,"turns":1}],"seed_played":"-8087532496289826575","neow_bonus_log":{"cardsObtained":[],"cardsUpgraded":[],"cardsRemoved":[],"cardsTransformed":[],"relicsObtained":[],"maxHpGained":0,"goldGained":0,"damageTaken":0,"goldLost":99,"maxHpLost":0},"potions_obtained":[{"floor":7,"key":"GamblersBrew"},{"floor":8,"key":"Energy Potion"},{"floor":11,"key":"Dexterity Potion"},{"floor":12,"key":"DuplicationPotion"}],"is_trial":false,"path_per_floor":["M","?","M","M","?","R","M","E","T","M","M","M","M","M"],"character_chosen":"THE_SILENT","basemod:card_modifiers":[null,null,null,null,null,null,null,null,null,null,null,null,null,null,null,null,null,null,null,null,null],"items_purchased":[],"campfire_rested":0,"item_purchase_floors":[],"current_hp_per_floor":[59,59,46,43,43,43,34,9,9,9,9,8,2,0],"gold":182,"neow_bonus":"THREE_RARE_CARDS","is_prod":false,"is_daily":false,"rewards_skipped":[],"chose_seed":false,"campfire_upgraded":1,"win_rate":0,"floor_exit_playtime":[45,51,116,152,164,173,259,341,345,381,412,451,505],"timestamp":1696485687,"path_taken":["M","?","M","M","?","R","M","E","T","M","M","?","?","M"],"build_version":"2022-12-18","purchased_purges":0,"victory":false,"max_hp_per_floor":[66,60,60,60,60,60,60,60,60,60,60,60,60,60],"relic_stats":{"Matryoshka":1,"counters":[10,41],"Golden Idol":35,"Eternal Feather":0,"PreservedInsect":0,"obtain_stats":[{"Matryoshka":8,"Golden Idol":2,"Eternal Feather":9,"PreservedInsect":9,"Ring of the Snake":0},{"Matryoshka":5,"Golden Idol":1,"Eternal Feather":5,"PreservedInsect":5,"Ring of the Snake":0},{"Matryoshka":27,"Golden Idol":2,"Eternal Feather":27,"PreservedInsect":27,"Ring of the Snake":0}],"Ring of the Snake":[20]},"card_choices":[{"not_picked":["Malaise","Storm of Steel"],"picked":"Unload","floor":0},{"not_picked":["Prepared","Slice"],"picked":"Flying Knee","floor":1},{"not_picked":["Dagger Spray","Bane","Sucker Punch"],"picked":"SKIP","floor":3},{"not_picked":["Quick Slash","Backflip"],"picked":"Eviscerate","floor":4},{"not_picked":["Cloak And Dagger","Bullet Time","Slice"],"picked":"SKIP","floor":7},{"not_picked":["Quick Slash","Dagger Spray"],"picked":"Acrobatics","floor":8},{"not_picked":["Dodge and Roll","Terror"],"picked":"Backflip","floor":10},{"not_picked":["Dagger Spray","Sucker Punch"],"picked":"Deadly Poison","floor":11},{"not_picked":["Sucker Punch","Dagger Throw"],"picked":"Catalyst","floor":12},{"not_picked":["Caltrops","Dagger Spray"],"picked":"Footwork","floor":13}],"player_experience":2020547,"relics_obtained":[{"floor":8,"key":"Matryoshka"},{"floor":9,"key":"PreservedInsect"},{"floor":9,"key":"Eternal Feather"}],"event_choices":[{"damage_healed":0,"gold_gain":0,"player_choice":"Lose Max HP","damage_taken":0,"relics_obtained":["Golden Idol"],"max_hp_gain":0,"max_hp_loss":6,"event_name":"Golden Idol","floor":2,"gold_loss":0},{"damage_healed":0,"gold_gain":0,"player_choice":"Grow","damage_taken":0,"max_hp_gain":0,"max_hp_loss":0,"event_name":"Living Wall","floor":5,"gold_loss":0,"cards_upgraded":["Unload"]}],"is_beta":false,"boss_relics":[],"items_purged_floors":[],"is_endless":false,"potions_floor_spawned":[7,8,11,12],"killed_by":"Lots of Slimes","ascension_level":20,"potion_discard_per_floor":[[],[],[],[],[],[],[],[],[],[],[],["Energy Potion"],[],[]]}