{"neow_bonuses_skipped_log":["ONE_RANDOM_RARE_CARD","RANDOM_COMMON_RELIC","BOSS_RELIC"],"neow_costs_skipped_log":["NONE","NONE","NONE"],"potions_obtained_entropic_brew":[[],[],[],[],[],[],[],[],[],[],[],[],[],[],[],[],[],[],[],[],[],[],[],[],[],[],[],[]],"gold_per_floor":[16,16,31,44,44,44,86,107,130,158,180,189,220,245,245,332,332,355,270,282,319,351,363,401,413,425,457,469],"floor_reached":28,"playtime":1034,"items_purged":[],"score":504,"play_id":"378f0291-cc1d-483c-9a58-5e99ff0dfc93","local_time":"20231024224348","score_breakdown":["Floors Climbed (28): 140","Enemies Slain (11): 22","Exordium Elites Killed (2): 20","City Elites Killed (1): 20","Bosses Slain (1): 50","Ascension (20): 252"],"is_ascension_mode":true,"potions_obtained_alchemize":[[],[],[],[],[],[],[],[],[],[],[],[],[],[],[],[],[],["Dexterity Potion"],[],[],["Strength Potion"],[],[],["SpeedPotion"],[],[],["Dexterity Potion"],[]],"campfire_choices":[{"data":"Dagger Spray","floor":6.0,"key":"SMITH"},{"floor":15,"key":"REST"},{"data":"Phantasmal Killer","floor":23,"key":"SMITH"},{"floor":25,"key":"REST"}],"lesson_learned_per_floor":[[],[],[],[],[],[],[],[],[],[],[],[],[],[],[],[],[],[],[],[],[],[],[],[],[],[],[],[]],"neow_cost":"NO_GOLD","improvable_cards":{},"seed_source_timestamp":3269517306757900,"shop_contents":[],"circlet_count":0,"master_deck":["AscendersBane","Strike_G","Strike_G","Strike_G","Strike_G","Defend_G","Defend_G","Defend_G","Defend_G","Survivor","Neutralize","Secret Technique","Well Laid Plans","Terror","Dagger Spray+1","Backstab","Storm of Steel","Backflip","Masterful Stab","Footwork","Phantasmal Killer+1","Escape Plan","Venomology+1","Backflip","Backflip+1"],"special_seed":0,"potion_use_per_floor":[[],[],[],[],[],[],["DuplicationPotion"],[],[],[],[],[],["SpeedPotion"],[],[],["SpeedPotion"],[],[],[],[],["Swift Potion"],["Dexterity Potion"],[],["Strength Potion"],[],[],["SpeedPotion"],[]],"relics":["Ring of the Snake","CultistMask","CeramicFish","Bronze Scales","Akabeko","Runic Pyramid","MawBank","Snake Skull"],"potions_floor_usage":[16,21,22,24,27],"damage_taken":[{"damage":0.0,"enemies":"Jaw Worm","floor":1.0,"turns":6.0},{"damage":0.0,"enemies":"Cultist","floor":3.0,"turns":4.0},{"damage":1.0,"enemies":"Small Slimes","floor":4.0,"turns":3.0},{"damage":12.0,"enemies":"3 Sentries","floor":7.0,"turns":7.0},{"damage":19.0,"enemies":"Exordium Thugs","floor":8.0,"turns":4.0},{"damage":1.0,"enemies":"Looter","floor":10.0,"turns":3.0},{"damage":0.0,"enemies":"Lots of Slimes","floor":11.0,"turns":3.0},{"damage":19.0,"enemies":"Gremlin Nob","floor":13.0,"turns":4.0},{"damage":0,"enemies":"Gremlin Gang","floor":14,"turns":3},{"damage":8,"enemies":"Slime Boss","floor":16,"turns":7},{"damage":0,"enemies":"Spheric Guardian","floor":18,"turns":2},{"damage":16,"enemies":"Shell Parasite","floor":21,"turns":3},{"damage":3,"enemies":"Centurion and Healer","floor":22,"turns":4},{"damage":9,"enemies":"Gremlin Leader","floor":24,"turns":6},{"damage":24,"enemies":"Shelled Parasite and Fungi","floor":27,"turns":6},{"damage":41,"enemies":"Snecko","floor":28,"turns":4}],"seed_played":"7866372584950658309","neow_bonus_log":{"cardsObtained":[],"cardsUpgraded":[],"cardsRemoved":[],"cardsTransformed":[],"relicsObtained":[],"maxHpGained":0,"goldGained":0,"damageTaken":0,"goldLost":99,"maxHpLost":0},"potions_obtained":[{"floor":3.0,"key":"DuplicationPotion"},{"floor":4.0,"key":"SpeedPotion"},{"floor":7.0,"key":"SpeedPotion"},{"floor":18,"key":"Swift Potion"},{"floor":24,"key":"Poison Potion"}],"is_trial":false,"path_per_floor":["M","?","M","M","?","R","E","M","T","M","M","?","E","M","R","B",null,"M","?","?","M","M","R","E","R","T","M","M"],"character_chosen":"THE_SILENT","basemod:card_modifiers":[null,null,null,null,null,null,null,null,null,null,null,null,null,null,null,null,null,null,null,null,null,null,null,null,null],"items_purchased":[],"campfire_rested":2,"item_purchase_floors":[],"current_hp_per_floor":[59,59,59,58,58,58,46,27,27,26,26,26,7,7,26,18,54,54,54,54,38,35,35,26,45,45,21,0],"gold":469,"neow_bonus":"RANDOM_COLORLESS_2","is_prod":false,"is_daily":false,"rewards_skipped":[],"chose_seed":false,"campfire_upgraded":2,"win_rate":0,"floor_exit_playtime":[73,83,117,158,162,170,254,297,300,332,409,414,467,510,512,595,615,656,658,682,725,782,793,875,878,881,992],"timestamp":1698201828,"blue_key_relic_skipped_log":{"floor":26,"relicID":"Darkstone Periapt"},"path_taken":["M","?","M","M","?","R","E","M","T","?","M","?","E","M","R","BOSS","M","?","?","M","?","R","E","R","T","M","M"],"build_version":"2022-12-18","purchased_purges":0,"victory":false,"max_hp_per_floor":[66,66,66,66,66,66,66,66,66,66,66,66,66,66,66,66,66,66,66,66,66,66,66,66,66,66,66,66],"relic_stats":{"counters":[16,69],"CeramicFish":81,"Bronze Scales":[81],"Snake Skull":[0],"MawBank":108,"obtain_stats":[{"CeramicFish":7,"Bronze Scales":9,"CultistMask":5,"Snake Skull":24,"MawBank":19,"Akabeko":13,"Ring of the Snake":0,"Runic Pyramid":17},{"CeramicFish":4,"Bronze Scales":5,"CultistMask":3,"Snake Skull":14,"MawBank":11,"Akabeko":8,"Ring of the Snake":0,"Runic Pyramid":10},{"CeramicFish":20,"Bronze Scales":24,"CultistMask":13,"Snake Skull":59,"MawBank":46,"Akabeko":34,"Ring of the Snake":0,"Runic Pyramid":44}],"Ring of the Snake":[32]},"card_choices":[{"not_picked":["Transmutation","Metamorphosis"],"picked":"Secret Technique","floor":0.0},{"not_picked":["Deflect","PiercingWail"],"picked":"Well Laid Plans","floor":1.0},{"not_picked":["Heel Hook","Dagger Throw"],"picked":"Dagger Spray","floor":3.0},{"not_picked":["Slice","Bane"],"picked":"Backstab","floor":4.0},{"not_picked":["Poisoned Stab","Calculated Gamble"],"picked":"Storm of Steel","floor":7.0},{"not_picked":["Outmaneuver","Expertise"],"picked":"Backflip","floor":8.0},{"not_picked":["Cloak And Dagger","Setup"],"picked":"Masterful Stab","floor":10.0},{"not_picked":["Crippling Poison","Flying Knee"],"picked":"Footwork","floor":11.0},{"not_picked":["Concentrate","Poisoned Stab","Dodge and Roll"],"picked":"SKIP","floor":13.0},{"not_picked":["Distraction","Crippling Poison"],"picked":"Escape Plan","floor":14},{"not_picked":["Night Terror","Burst"],"picked":"Venomology","floor":16},{"not_picked":["Dash","Deadly Poison+1"],"picked":"Backflip","floor":18},{"not_picked":["PiercingWail","Deadly Poison"],"picked":"Backflip+1","floor":21},{"not_picked":["Poisoned Stab","Blade Dance","Terror"],"picked":"SKIP","floor":22},{"not_picked":["Quick Slash","Heel Hook+1","Blade Dance"],"picked":"SKIP","floor":24},{"not_picked":["All Out Attack","Noxious Fumes","Eviscerate"],"picked":"SKIP","floor":27}],"player_experience":2194007,"relics_obtained":[{"floor":7.0,"key":"CeramicFish"},{"floor":9.0,"key":"Bronze Scales"},{"floor":13.0,"key":"Akabeko"},{"floor":24,"key":"Snake Skull"}],"event_choices":[{"damage_healed":0.0,"max_hp_gain":0.0,"max_hp_loss":0.0,"gold_gain":0.0,"cards_transformed":["Defend_G"],"event_name":"Living Wall","player_choice":"Change","floor":2.0,"gold_loss":0.0,"damage_taken":0.0,"cards_obtained":["Terror"]},{"damage_healed":0.0,"max_hp_gain":0.0,"max_hp_loss":0.0,"gold_gain":0.0,"event_name":"FaceTrader","player_choice":"Trade","floor":5.0,"gold_loss":0.0,"damage_taken":0.0,"relics_obtained":["CultistMask"]},{"damage_healed":0.0,"max_hp_gain":0.0,"max_hp_loss":0.0,"gold_gain":0.0,"cards_transformed":["Strike_G"],"event_name":"Transmorgrifier","player_choice":"Transformed","floor":12.0,"gold_loss":0.0,"damage_taken":0.0,"cards_obtained":["Phantasmal Killer"]},{"damage_healed":0,"gold_gain":0,"player_choice":"Obtained Relic","damage_taken":0,"relics_obtained":["MawBank"],"max_hp_gain":0,"max_hp_loss":0,"event_name":"Addict","floor":19,"gold_loss":85},{"damage_healed":0,"gold_gain":0,"player_choice":"Forge","damage_taken":0,"max_hp_gain":0,"max_hp_loss":0,"event_name":"Accursed Blacksmith","floor":20,"gold_loss":0,"cards_upgraded":["Venomology"]}],"is_beta":false,"boss_relics":[{"not_picked":["Runic Dome","Sozu"],"picked":"Runic Pyramid"}],"items_purged_floors":[],"is_endless":false,"potions_floor_spawned":[3,4,7,18,24],"killed_by":"Snecko","ascension_level":20,"potion_discard_per_floor":[[],[],[],[],[],[],[],[],[],[],[],[],[],[],[],[],[],[],[],[],[],[],[],[],[],[],[],[]]}