{"neow_bonuses_skipped_log":["ONE_RANDOM_RARE_CARD","RANDOM_COMMON_RELIC","BOSS_RELIC"],"potions_obtained_entropic_brew":[[],[],[],[],[],[],[],[],[],[],[],[],[],[],[],[],[],[],[],[],[],[],[],[]],"neow_costs_skipped_log":["NONE","NONE","NONE"],"gold_per_floor":[117,129,143,12,12,44,44,66,66,85,85,119,119,119,119,217,217,242,34,34,52,66,66,66],"floor_reached":24,"playtime":978,"items_purged":["Defend_G","Grand Finale"],"score":408,"play_id":"f3665029-0b5d-4b01-ad65-73e28e32840a","local_time":"20231210050418","score_breakdown":["Floors Climbed (24): 120","Enemies Slain (7): 14","Exordium Elites Killed (2): 20","City Elites Killed (0): 0","Bosses Slain (1): 50","Ascension (20): 204"],"is_ascension_mode":true,"potions_obtained_alchemize":[[],[],[],[],[],[],[],[],[],[],[],[],[],[],[],[],[],[],[],[],[],[],[],[]],"campfire_choices":[{"data":"Noxious Fumes","floor":11,"key":"SMITH"},{"data":"The Bomb","floor":15,"key":"SMITH"},{"floor":23,"key":"REST"}],"lesson_learned_per_floor":[[],[],[],[],[],[],[],[],[],[],[],[],[],[],[],[],[],[],[],[],[],[],[],[]],"neow_cost":"TEN_PERCENT_HP_LOSS","improvable_cards":{},"seed_source_timestamp":418549214424900,"shop_contents":[{"floor":4,"relics":["Whetstone","Juzu Bracelet","Lee\u0027s Waffle"],"cards":["Underhanded Strike","Die Die Die","Blur","Acrobatics","Noxious Fumes","Jack Of All Trades","Metamorphosis"],"potions":["ColorlessPotion","SpeedPotion"]},{"floor":19,"relics":["Happy Flower","Singing Bowl","Medical Kit"],"cards":["Dagger Throw","Die Die Die","Expertise","Forethought","Mayhem"],"potions":["Ancient Potion","Fire Potion","BlessingOfTheForge"]}],"circlet_count":0,"master_deck":["AscendersBane","Survivor","Neutralize","The Bomb+1","Acrobatics","Eviscerate","Backflip","Noxious Fumes+1","Dagger Throw","Leg Sweep","Doppelganger","Wraith Form v2","Footwork","Expertise","Tools of the Trade","Tactician","Blade Dance","Wraith Form v2","Outmaneuver","Blade Dance","Accuracy","PiercingWail"],"potion_use_per_floor":[[],[],[],[],[],["AttackPotion","LiquidMemories"],[],[],[],[],[],["SpeedPotion"],[],[],[],["Explosive Potion"],[],[],[],[],[],[],[],["ColorlessPotion"]],"relics":["Ring of the Snake","Gremlin Horn","Odd Mushroom","Eternal Feather","Shovel","Golden Idol","Pandora\u0027s Box"],"potions_floor_usage":[6,6,12,16,24],"damage_taken":[{"damage":0,"enemies":"Cultist","floor":1,"turns":3},{"damage":2,"enemies":"Jaw Worm","floor":2,"turns":4},{"damage":3,"enemies":"2 Louse","floor":3,"turns":4},{"damage":27,"enemies":"Gremlin Nob","floor":6,"turns":4},{"damage":18,"enemies":"The Mushroom Lair","floor":8,"turns":4},{"damage":1,"enemies":"2 Fungi Beasts","floor":10,"turns":3},{"damage":2,"enemies":"3 Sentries","floor":12,"turns":3},{"damage":30,"enemies":"Slime Boss","floor":16,"turns":8},{"damage":20,"enemies":"Spheric Guardian","floor":18,"turns":8},{"damage":1,"enemies":"Chosen","floor":21,"turns":4},{"damage":10,"enemies":"Sentry and Sphere","floor":22,"turns":7},{"damage":44,"enemies":"Gremlin Leader","floor":24,"turns":2}],"seed_played":"5291207025586275780","neow_bonus_log":{"cardsObtained":[],"cardsUpgraded":[],"cardsRemoved":[],"cardsTransformed":[],"relicsObtained":[],"maxHpGained":0,"goldGained":0,"damageTaken":0,"goldLost":0,"maxHpLost":6},"potions_obtained":[{"floor":1,"key":"LiquidMemories"},{"floor":10,"key":"SpeedPotion"},{"floor":12,"key":"Explosive Potion"},{"floor":21,"key":"FearPotion"},{"floor":22,"key":"ColorlessPotion"}],"is_trial":false,"path_per_floor":["M","M","M","$","?","E","?","?","T","M","R","E","?","?","R","B",null,"M","$","?","M","M","R","E"],"character_chosen":"THE_SILENT","basemod:card_modifiers":[null,null,null,null,null,null,null,null,null,null,null,null,null,null,null,null,null,null,null,null,null,null],"items_purchased":["AttackPotion","Blade Dance","Accuracy"],"campfire_rested":1,"item_purchase_floors":[4,19,19],"current_hp_per_floor":[59,57,54,54,54,27,47,29,29,28,37,35,35,35,44,14,44,24,24,24,23,13,41,0],"gold":66,"neow_bonus":"RANDOM_COLORLESS_2","is_prod":false,"is_daily":false,"rewards_skipped":[],"chose_seed":false,"campfire_upgraded":2,"win_rate":0,"floor_exit_playtime":[42,84,156,175,178,241,244,293,296,326,337,374,378,395,401,524,547,671,690,716,767,918,922],"timestamp":1702202658,"path_taken":["M","M","M","$","?","E","?","?","T","M","R","E","?","?","R","BOSS","M","$","?","?","M","R","E"],"build_version":"2022-12-18","purchased_purges":2,"victory":false,"max_hp_per_floor":[60,60,60,60,60,60,60,60,60,60,60,60,54,54,54,54,54,54,54,54,54,54,54,54],"relic_stats":{"Shovel":0,"Gremlin Horn":[2,2],"counters":[12,54],"Golden Idol":32,"Eternal Feather":30,"Pandora\u0027s Box":["Wraith Form v2","Footwork","Expertise","Heel Hook","Tools of the Trade","Tactician","Blade Dance","Wraith Form v2"],"obtain_stats":[{"Shovel":12,"Gremlin Horn":6,"Golden Idol":13,"Eternal Feather":9,"Pandora\u0027s Box":17,"Odd Mushroom":8,"Ring of the Snake":0},{"Shovel":7,"Gremlin Horn":4,"Golden Idol":7,"Eternal Feather":5,"Pandora\u0027s Box":8,"Odd Mushroom":5,"Ring of the Snake":0},{"Shovel":25,"Gremlin Horn":15,"Golden Idol":25,"Eternal Feather":19,"Pandora\u0027s Box":33,"Odd Mushroom":19,"Ring of the Snake":0}],"Ring of the Snake":[24]},"card_choices":[{"not_picked":["Transmutation","Mayhem"],"picked":"The Bomb","floor":0},{"not_picked":["Well Laid Plans","Underhanded Strike"],"picked":"Acrobatics","floor":1},{"not_picked":["Deflect","Slice"],"picked":"Eviscerate","floor":2},{"not_picked":["Cloak And Dagger","Eviscerate","Deadly Poison"],"picked":"SKIP","floor":3},{"not_picked":["Flechettes","Dodge and Roll"],"picked":"Backflip","floor":6},{"not_picked":["Distraction","Backflip"],"picked":"Noxious Fumes","floor":8},{"not_picked":["Endless Agony","Terror"],"picked":"Dagger Throw","floor":10},{"not_picked":["Choke","Distraction"],"picked":"Leg Sweep","floor":12},{"not_picked":["Burst","Bullet Time"],"picked":"Doppelganger","floor":16},{"not_picked":["Bouncing Flask","Sucker Punch"],"picked":"Outmaneuver","floor":18},{"not_picked":["Predator","Distraction"],"picked":"PiercingWail","floor":21},{"not_picked":["Sucker Punch","Footwork","Slice"],"picked":"SKIP","floor":22}],"player_experience":2380214,"relics_obtained":[{"floor":6,"key":"Gremlin Horn"},{"floor":8,"key":"Odd Mushroom"},{"floor":9,"key":"Eternal Feather"},{"floor":12,"key":"Shovel"}],"event_choices":[{"damage_healed":0,"gold_gain":0,"player_choice":"Ignored","damage_taken":0,"max_hp_gain":0,"max_hp_loss":0,"event_name":"Liars Game","floor":5,"gold_loss":0},{"damage_healed":20,"gold_gain":0,"player_choice":"Banana","damage_taken":0,"max_hp_gain":0,"max_hp_loss":0,"event_name":"Big Fish","floor":7,"gold_loss":0},{"damage_healed":0,"gold_gain":0,"player_choice":"Fought Mushrooms","damage_taken":0,"max_hp_gain":0,"max_hp_loss":0,"event_name":"Mushrooms","floor":8,"gold_loss":0},{"damage_healed":0,"gold_gain":0,"player_choice":"Lose Max HP","damage_taken":0,"relics_obtained":["Golden Idol"],"max_hp_gain":0,"max_hp_loss":6,"event_name":"Golden Idol","floor":13,"gold_loss":0},{"damage_healed":0,"gold_gain":0,"cards_transformed":["Defend_G"],"player_choice":"Change","damage_taken":0,"max_hp_gain":0,"max_hp_loss":0,"event_name":"Living Wall","floor":14,"gold_loss":0,"cards_obtained":["Grand Finale"]},{"cards_removed":["Heel Hook"],"damage_healed":0,"gold_gain":0,"player_choice":"Purged","damage_taken":0,"max_hp_gain":0,"max_hp_loss":0,"event_name":"Purifier","floor":20,"gold_loss":0}],"is_beta":false,"boss_relics":[{"not_picked":["SacredBark","Ectoplasm"],"picked":"Pandora\u0027s Box"}],"items_purged_floors":[4,19],"is_endless":false,"potions_floor_spawned":[1,10,12,21,22],"killed_by":"Gremlin Leader","ascension_level":20,"potion_discard_per_floor":[[],[],[],[],[],[],[],[],[],[],[],[],[],[],[],[],[],[],[],[],[],[],[],[]]}