{"neow_bonuses_skipped_log":["ONE_RANDOM_RARE_CARD","TEN_PERCENT_HP_BONUS","BOSS_RELIC"],"neow_costs_skipped_log":["NONE","NONE","NONE"],"potions_obtained_entropic_brew":[[],[],[],[],[],[],[],[],[],[],[],[],[],[],[],[],[],[],[],[],[],[],[],[],[],[],[],[],[],[],[],[],[],[],[],[],[],[],[],[],[],[],[],[],[],[],[],[],[],[],[]],"gold_per_floor":[114,114,126,142,153,153,173,173,173,208,75,101,111,111,111,188,188,214,233,242,263,263,292,292,331,331,363,392,312,237,246,246,329,356,372,382,92,115,104,104,115,142,142,180,180,193,224,249,249,249,249],"floor_reached":51,"playtime":3298,"items_purged":["Strike_G","Strike_G+1","Decay"],"score":1658,"play_id":"787dceeb-3de7-4798-b39a-45a1a17b6cf0","local_time":"20240608223904","score_breakdown":["Floors Climbed (51): 255","Enemies Slain (17): 34","Exordium Elites Killed (2): 20","City Elites Killed (3): 60","Beyond Elites Killed (2): 60","Bosses Slain (3): 300","Collector (1): 25","Well Fed: 25","Champion (3): 75","Ascension (20): 804"],"is_ascension_mode":true,"potions_obtained_alchemize":[[],[],[],[],[],[],[],[],[],[],[],[],["Explosive Potion"],[],[],["LiquidBronze"],[],["LiquidMemories"],["Strength Potion"],[],["ColorlessPotion"],[],["BlessingOfTheForge"],[],["Strength Potion"],[],[],["LiquidMemories"],[],[],[],[],["Dexterity Potion"],[],[],["DuplicationPotion"],[],[],[],[],["PowerPotion"],["SmokeBomb"],[],["Swift Potion"],[],["SteroidPotion"],["EssenceOfSteel"],["CunningPotion"],[],["DuplicationPotion"],["PowerPotion"]],"campfire_choices":[{"data":"Blade Dance","floor":6,"key":"SMITH"},{"data":"Accuracy","floor":8,"key":"SMITH"},{"floor":15,"key":"REST"},{"data":"Wraith Form v2","floor":24,"key":"SMITH"},{"data":"Well Laid Plans","floor":32,"key":"SMITH"},{"data":"Venomology","floor":40,"key":"SMITH"},{"floor":49,"key":"RECALL"}],"lesson_learned_per_floor":[[],[],[],[],[],[],[],[],[],[],[],[],[],[],[],[],[],[],[],[],[],[],[],[],[],[],[],[],[],[],[],[],[],[],[],[],[],[],[],[],[],[],[],[],[],[],[],[],[],[],[]],"neow_cost":"TEN_PERCENT_HP_LOSS","improvable_cards":{},"seed_source_timestamp":1975332904230500,"shop_contents":[{"floor":11,"relics":["Bronze Scales","Potion Belt","Chemical X"],"cards":["Glass Knife","Bane","Deflect","Caltrops","Purity","Violence"],"potions":["SneckoOil","FearPotion","ColorlessPotion"]},{"floor":29,"relics":["Singing Bowl","StrikeDummy","PrismaticShard"],"cards":["Bane","Eviscerate","Blade Dance","Distraction","Well Laid Plans","Dramatic Entrance","Chrysalis"],"potions":["BlessingOfTheForge","CunningPotion","DuplicationPotion"]},{"floor":37,"relics":["Paper Crane","Ornamental Fan","Frozen Egg 2"],"cards":["Eviscerate","Slice","Deadly Poison","Bouncing Flask","A Thousand Cuts","PanicButton","HandOfGreed"],"potions":["Regen Potion","Swift Potion","SteroidPotion"]},{"floor":39,"relics":["InkBottle","Blood Vial","Lee\u0027s Waffle"],"cards":["Dagger Throw","Bane","PiercingWail","Deadly Poison","Caltrops","Discovery","Secret Weapon"],"potions":["Strength Potion","FearPotion","DistilledChaos"]}],"circlet_count":0,"master_deck":["AscendersBane","Defend_G+1","Defend_G+1","Defend_G+1","Survivor","Neutralize","Deflect","Crippling Poison","Blade Dance+1","Accuracy+1","Well Laid Plans+1","All Out Attack+1","PiercingWail","Venomology+1","Wraith Form v2+1","CurseOfTheBell","Blade Dance","Dodge and Roll+1","Blade Dance+1","PiercingWail","Blade Dance","Terror","Malaise","Outmaneuver+1","Infinite Blades+1","Accuracy+1","Dark Shackles","Phantasmal Killer","Acrobatics","Prepared+1","Doppelganger","Acrobatics"],"potion_use_per_floor":[[],[],[],[],[],[],["Fire Potion"],[],[],[],[],["SkillPotion","Weak Potion"],[],[],[],["PowerPotion","LiquidBronze"],[],["CunningPotion"],["Explosive Potion"],[],["Strength Potion"],[],["LiquidMemories"],[],["DistilledChaos"],[],[],["BlessingOfTheForge"],[],[],[],[],["PowerPotion"],[],["LiquidMemories"],[],[],["DuplicationPotion"],[],[],["Block Potion"],["PowerPotion"],[],["Poison Potion"],[],["Dexterity Potion"],["SteroidPotion","Swift Potion"],[],[],["EssenceOfSteel","DuplicationPotion"],["PowerPotion"]],"relics":["Ring of the Snake","FaceOfCleric","Shuriken","Regal Pillow","Ginger","Calling Bell","CeramicFish","The Courier","Thread and Needle","PreservedInsect","Orichalcum","CaptainsWheel","MealTicket","Astrolabe","DollysMirror","Toy Ornithopter","White Beast Statue"],"potions_floor_usage":[7,12,12,16,16,18,19,21,23,25,28,33,35,38,41,42,44,46,47,47,50,50,51],"damage_taken":[{"damage":6,"enemies":"2 Louse","floor":1,"turns":4},{"damage":0,"enemies":"Cultist","floor":3,"turns":4},{"damage":0,"enemies":"Small Slimes","floor":4,"turns":3},{"damage":5,"enemies":"Looter","floor":5,"turns":4},{"damage":0,"enemies":"Red Slaver","floor":7,"turns":3},{"damage":5,"enemies":"Lagavulin","floor":10,"turns":6},{"damage":17,"enemies":"Gremlin Nob","floor":12,"turns":4},{"damage":4,"enemies":"Large Slime","floor":13,"turns":6},{"damage":30,"enemies":"Hexaghost","floor":16,"turns":8},{"damage":10,"enemies":"Shell Parasite","floor":18,"turns":5},{"damage":3,"enemies":"2 Thieves","floor":19,"turns":4},{"damage":0,"enemies":"3 Cultists","floor":21,"turns":4},{"damage":2,"enemies":"Gremlin Leader","floor":23,"turns":6},{"damage":0,"enemies":"Slavers","floor":25,"turns":10},{"damage":0,"enemies":"Book of Stabbing","floor":27,"turns":3},{"damage":6,"enemies":"Snake Plant","floor":28,"turns":5},{"damage":13,"enemies":"Automaton","floor":33,"turns":7},{"damage":3,"enemies":"3 Darklings","floor":35,"turns":5},{"damage":0,"enemies":"3 Shapes","floor":36,"turns":8},{"damage":0,"enemies":"Transient","floor":38,"turns":6},{"damage":5,"enemies":"Jaw Worm Horde","floor":41,"turns":5},{"damage":17,"enemies":"Sphere and 2 Shapes","floor":42,"turns":5},{"damage":0,"enemies":"Giant Head","floor":44,"turns":4},{"damage":0,"enemies":"Transient","floor":46,"turns":6},{"damage":35,"enemies":"Nemesis","floor":47,"turns":7},{"damage":7,"enemies":"Writhing Mass","floor":48,"turns":5},{"damage":13,"enemies":"Donu and Deca","floor":50,"turns":8},{"damage":68,"enemies":"Time Eater","floor":51,"turns":7}],"green_key_taken_log":47,"seed_played":"-106009045039911167","neow_bonus_log":{"cardsObtained":["Deflect","Crippling Poison"],"cardsUpgraded":[],"cardsRemoved":[],"cardsTransformed":["Defend_G","Strike_G"],"relicsObtained":[],"maxHpGained":0,"goldGained":0,"damageTaken":0,"goldLost":0,"maxHpLost":6},"potions_obtained":[{"floor":4,"key":"Weak Potion"},{"floor":5,"key":"Fire Potion"},{"floor":10,"key":"SkillPotion"},{"floor":13,"key":"PowerPotion"},{"floor":16,"key":"CunningPotion"},{"floor":21,"key":"DistilledChaos"},{"floor":28,"key":"PowerPotion"},{"floor":38,"key":"Block Potion"},{"floor":42,"key":"Poison Potion"}],"is_trial":false,"path_per_floor":["M","?","M","M","M","R","M","R","T","E","$","E","M","?","R","B",null,"M","M","?","M","?","E","R","E","T","E","M","$","?","?","R","B",null,"M","M","$","M","$","R","M","M","T","E","?","M","E","M","R","B","B"],"character_chosen":"THE_SILENT","basemod:card_modifiers":[null,null,null,null,null,null,null,null,null,null,null,null,null,null,null,null,null,null,null,null,null,null,null,null,null,null,null,null,null,null,null,null],"items_purchased":["PiercingWail","DollysMirror","Dark Shackles","Acrobatics"],"campfire_rested":1,"item_purchase_floors":[11,37,37,39],"current_hp_per_floor":[53,53,54,55,51,51,52,52,52,48,48,32,29,9,44,15,55,46,44,44,45,45,44,44,45,45,46,41,56,56,56,56,44,68,66,67,78,79,79,79,75,59,59,60,92,93,65,59,59,57,0],"gold":249,"neow_bonus":"TRANSFORM_TWO_CARDS","is_prod":false,"is_daily":false,"rewards_skipped":[{"floor":33,"relics":[],"potions":["Poison Potion"]},{"floor":46,"relics":[],"potions":["LiquidBronze"]},{"floor":48,"relics":[],"potions":["Weak Potion"]}],"chose_seed":false,"campfire_upgraded":5,"win_rate":0,"floor_exit_playtime":[89,101,132,160,210,217,250,256,259,332,362,420,494,502,504,622,647,720,807,822,889,896,989,1025,1168,1171,1214,1379,1418,1424,1437,1444,1573,1636,1748,1847,1896,2047,2056,2077,2168,2298,2300,2373,2387,2477,2605,2726,2958,3152],"timestamp":1717900744,"blue_key_relic_skipped_log":{"floor":43,"relicID":"Ninja Scroll"},"path_taken":["M","?","M","M","M","R","?","R","T","E","$","E","M","?","R","BOSS","M","M","?","?","?","E","R","E","T","E","M","$","?","?","R","BOSS","M","M","$","?","$","R","M","M","T","E","?","M","E","M","R","BOSS","BOSS"],"build_version":"2022-12-18","purchased_purges":3,"victory":false,"max_hp_per_floor":[60,60,61,62,63,63,64,64,64,65,65,66,67,67,67,68,68,69,70,70,71,71,72,72,73,73,74,75,75,75,75,75,76,76,77,78,78,79,79,79,80,81,81,82,92,93,94,95,95,96,96],"relic_stats":{"Regal Pillow":15,"counters":[28,152],"CeramicFish":162,"Astrolabe":["A Thousand Cuts","Outmaneuver","Infinite Blades"],"The Courier":102,"PreservedInsect":264,"Ginger":[7],"Orichalcum":[108],"White Beast Statue":[0.0,0.0,0.0,0.0,0.0,0.6000000000000001,0.0,0.4,0.0,0.0,0.0,0.6000000000000001],"FaceOfCleric":26,"Shuriken":[80],"MealTicket":26,"obtain_stats":[{"Regal Pillow":10,"CeramicFish":17,"Astrolabe":34,"Thread and Needle":17,"The Courier":17,"PreservedInsect":23,"Ginger":12,"Orichalcum":25,"White Beast Statue":47,"Calling Bell":17,"CaptainsWheel":26,"FaceOfCleric":2,"Shuriken":9,"DollysMirror":37,"MealTicket":27,"Toy Ornithopter":44,"Ring of the Snake":0},{"Regal Pillow":6,"CeramicFish":9,"Astrolabe":17,"Thread and Needle":9,"The Courier":9,"PreservedInsect":13,"Ginger":7,"Orichalcum":14,"White Beast Statue":25,"Calling Bell":9,"CaptainsWheel":14,"FaceOfCleric":1,"Shuriken":5,"DollysMirror":19,"MealTicket":15,"Toy Ornithopter":23,"Ring of the Snake":0},{"Regal Pillow":24,"CeramicFish":42,"Astrolabe":86,"Thread and Needle":42,"The Courier":42,"PreservedInsect":61,"Ginger":28,"Orichalcum":71,"White Beast Statue":132,"Calling Bell":42,"CaptainsWheel":71,"FaceOfCleric":4,"Shuriken":18,"DollysMirror":99,"MealTicket":74,"Toy Ornithopter":119,"Ring of the Snake":0}],"Toy Ornithopter":21,"Ring of the Snake":[56]},"card_choices":[{"not_picked":["Backstab","Predator"],"picked":"Blade Dance","floor":1},{"not_picked":["Blur","Masterful Stab"],"picked":"Dagger Throw","floor":3},{"not_picked":["Expertise","Bane"],"picked":"Accuracy","floor":4},{"not_picked":["Slice","Sucker Punch","Underhanded Strike"],"picked":"SKIP","floor":5},{"not_picked":["Skewer","Outmaneuver"],"picked":"Well Laid Plans","floor":7},{"not_picked":["Distraction","Bane"],"picked":"All Out Attack","floor":10},{"not_picked":["Well Laid Plans","Outmaneuver"],"picked":"Venomology","floor":12},{"not_picked":["Expertise","Infinite Blades","Quick Slash"],"picked":"SKIP","floor":13},{"not_picked":["Doppelganger","Die Die Die"],"picked":"Wraith Form v2","floor":16},{"not_picked":["Deadly Poison+1","Dagger Spray"],"picked":"Blade Dance","floor":18},{"not_picked":["Slice+1","Corpse Explosion"],"picked":"Dodge and Roll+1","floor":19},{"not_picked":["Bane","Prepared"],"picked":"PiercingWail","floor":21},{"not_picked":["Well Laid Plans+1","Catalyst","Outmaneuver"],"picked":"SKIP","floor":23},{"not_picked":["Flechettes","Well Laid Plans"],"picked":"Blade Dance","floor":25},{"not_picked":["Well Laid Plans+1","PiercingWail","Expertise"],"picked":"SKIP","floor":27},{"not_picked":["Deadly Poison","Dagger Throw"],"picked":"Terror","floor":28},{"not_picked":["Die Die Die","Tools of the Trade"],"picked":"Malaise","floor":33},{"not_picked":["Dagger Spray","Distraction","Sucker Punch"],"picked":"SKIP","floor":35},{"not_picked":["Eviscerate","Prepared","Backflip"],"picked":"SKIP","floor":36},{"not_picked":["Quick Slash","Cloak And Dagger"],"picked":"Phantasmal Killer","floor":38},{"not_picked":["Outmaneuver","Underhanded Strike","Slice+1"],"picked":"SKIP","floor":41},{"not_picked":["Dagger Spray","Backflip"],"picked":"Prepared+1","floor":42},{"not_picked":["Bouncing Flask","Dagger Throw"],"picked":"Doppelganger","floor":44},{"not_picked":["Poisoned Stab","Predator+1","Terror+1"],"picked":"SKIP","floor":46},{"not_picked":["Choke+1","Well Laid Plans+1","Corpse Explosion"],"picked":"SKIP","floor":47},{"not_picked":["Dagger Throw+1","Flying Knee"],"picked":"Acrobatics","floor":48}],"player_experience":2424520,"relics_obtained":[{"floor":9,"key":"Shuriken"},{"floor":10,"key":"Regal Pillow"},{"floor":12,"key":"Ginger"},{"floor":17,"key":"CeramicFish"},{"floor":17,"key":"The Courier"},{"floor":17,"key":"Thread and Needle"},{"floor":23,"key":"PreservedInsect"},{"floor":25,"key":"Orichalcum"},{"floor":26,"key":"CaptainsWheel"},{"floor":27,"key":"MealTicket"},{"floor":44,"key":"Toy Ornithopter"},{"floor":47,"key":"White Beast Statue"}],"event_choices":[{"damage_healed":0,"gold_gain":0,"player_choice":"Trade","damage_taken":0,"relics_obtained":["FaceOfCleric"],"max_hp_gain":0,"max_hp_loss":0,"event_name":"FaceTrader","floor":2,"gold_loss":0},{"damage_healed":0,"gold_gain":0,"player_choice":"Entered Light","damage_taken":20,"max_hp_gain":0,"max_hp_loss":0,"event_name":"Shining Light","floor":14,"gold_loss":0,"cards_upgraded":["All Out Attack","Defend_G"]},{"damage_healed":0,"gold_gain":0,"player_choice":"Copied","damage_taken":0,"max_hp_gain":0,"max_hp_loss":0,"event_name":"Duplicator","floor":20,"gold_loss":0,"cards_obtained":["Blade Dance"]},{"damage_healed":0,"gold_gain":0,"player_choice":"Simplicity","damage_taken":0,"max_hp_gain":0,"max_hp_loss":0,"event_name":"Back to Basics","floor":22,"gold_loss":0,"cards_upgraded":["Strike_G","Strike_G","Strike_G","Defend_G","Defend_G","Defend_G"]},{"cards_removed":["Strike_G"],"damage_healed":0,"gold_gain":0,"player_choice":"Gave Gold","damage_taken":0,"max_hp_gain":0,"max_hp_loss":0,"event_name":"Beggar","floor":30,"gold_loss":75},{"damage_healed":0,"gold_gain":0,"player_choice":"Cursed","damage_taken":0,"max_hp_gain":0,"max_hp_loss":0,"event_name":"Wheel of Change","floor":31,"gold_loss":0,"cards_obtained":["Decay"]},{"cards_removed":["A Thousand Cuts"],"damage_healed":22,"gold_gain":0,"player_choice":"Offered Rare","damage_taken":0,"max_hp_gain":10,"max_hp_loss":0,"event_name":"Bonfire Elementals","floor":45,"gold_loss":0}],"is_beta":false,"boss_relics":[{"not_picked":["Fusion Hammer","Ring of the Serpent"],"picked":"Calling Bell"},{"not_picked":["Snecko Eye","Cursed Key"],"picked":"Astrolabe"}],"items_purged_floors":[11,29,37],"is_endless":false,"potions_floor_spawned":[4,5,10,13,16,21,28,33,38,42,46,48],"killed_by":"Time Eater","ascension_level":20,"potion_discard_per_floor":[[],[],[],[],[],[],[],[],[],[],[],[],[],[],[],[],[],[],[],[],["ColorlessPotion"],[],[],[],[],[],[],["Strength Potion"],[],[],[],[],[],[],[],[],[],[],[],[],[],["SmokeBomb"],[],[],[],[],[],[],[],[],[]]}