{"neow_bonuses_skipped_log":["ONE_RANDOM_RARE_CARD","ONE_RARE_RELIC","BOSS_RELIC"],"potions_obtained_entropic_brew":[[],[],[],[],[],[],[],[],[],[],[],[],[],[],[],[]],"neow_costs_skipped_log":["NONE","PERCENT_DAMAGE","NONE"],"gold_per_floor":[119,134,144,144,160,160,195,212,212,240,254,254,254,272,272,272],"floor_reached":16,"playtime":555,"items_purged":[],"score":228,"play_id":"1ff8a4b8-c9ea-46a0-92b8-4e4bfe3aa041","local_time":"20240605191347","score_breakdown":["Floors Climbed (16): 80","Enemies Slain (7): 14","Exordium Elites Killed (2): 20","Bosses Slain (0): 0","Ascension (20): 114"],"is_ascension_mode":true,"potions_obtained_alchemize":[[],[],[],[],[],[],[],[],[],[],[],[],[],[],[],[]],"campfire_choices":[{"data":"Blade Dance","floor":6.0,"key":"SMITH"},{"data":"Noxious Fumes","floor":13,"key":"SMITH"},{"data":"Tools of the Trade","floor":15,"key":"SMITH"}],"lesson_learned_per_floor":[[],[],[],[],[],[],[],[],[],[],[],[],[],[],[],[]],"neow_cost":"NONE","improvable_cards":{},"seed_source_timestamp":1706524249653100,"shop_contents":[],"circlet_count":0,"master_deck":["AscendersBane","Strike_G","Strike_G","Strike_G","Strike_G","Strike_G","Defend_G","Defend_G","Defend_G","Defend_G","Defend_G","Survivor","Neutralize","Deadly Poison","Blade Dance+1","Noxious Fumes+1","Sucker Punch","Well Laid Plans","Blade Dance","Tools of the Trade+1","Escape Plan","Dodge and Roll"],"special_seed":0,"potion_use_per_floor":[[],[],[],[],[],[],["Regen Potion"],["Explosive Potion"],[],["Explosive Potion"],[],[],[],[],[],[]],"relics":["Ring of the Snake","NeowsBlessing","Ninja Scroll","Boot","Akabeko"],"potions_floor_usage":[8,10],"damage_taken":[{"damage":0.0,"enemies":"Jaw Worm","floor":1.0,"turns":1.0},{"damage":0.0,"enemies":"Cultist","floor":2.0,"turns":1.0},{"damage":0.0,"enemies":"2 Louse","floor":3.0,"turns":1.0},{"damage":1.0,"enemies":"2 Fungi Beasts","floor":5.0,"turns":4.0},{"damage":26.0,"enemies":"3 Sentries","floor":7.0,"turns":8.0},{"damage":0,"enemies":"Gremlin Gang","floor":8,"turns":3},{"damage":15,"enemies":"Lagavulin","floor":10,"turns":5},{"damage":0,"enemies":"Exordium Wildlife","floor":11,"turns":2},{"damage":0,"enemies":"2 Fungi Beasts","floor":14,"turns":2},{"damage":29,"enemies":"Hexaghost","floor":16,"turns":9}],"seed_played":"-4031438578544350685","neow_bonus_log":{"cardsObtained":[],"cardsUpgraded":[],"cardsRemoved":[],"cardsTransformed":[],"relicsObtained":["NeowsBlessing"],"maxHpGained":0,"goldGained":0,"damageTaken":0,"goldLost":0,"maxHpLost":0},"potions_obtained":[{"floor":2.0,"key":"Explosive Potion"},{"floor":3.0,"key":"Regen Potion"},{"floor":7.0,"key":"Explosive Potion"}],"is_trial":false,"path_per_floor":["M","M","M","?","M","R","E","M","T","E","M","?","R","M","R","B"],"character_chosen":"THE_SILENT","basemod:card_modifiers":[null,null,null,null,null,null,null,null,null,null,null,null,null,null,null,null,null,null,null,null,null,null],"items_purchased":[],"campfire_rested":0,"item_purchase_floors":[],"current_hp_per_floor":[59,59,59,55,54,54,43,43,43,28,28,28,28,28,28,0],"gold":272,"neow_bonus":"THREE_ENEMY_KILL","is_prod":false,"is_daily":false,"rewards_skipped":[],"chose_seed":false,"campfire_upgraded":3,"win_rate":0,"floor_exit_playtime":[35,42,51,57,101,105,231,276,279,351,376,379,388,430,436],"timestamp":1717629227,"path_taken":["M","M","M","?","M","R","E","M","T","E","?","?","R","M","R","BOSS"],"build_version":"2022-12-18","purchased_purges":0,"victory":false,"max_hp_per_floor":[66,66,66,66,66,66,66,66,66,66,66,66,66,66,66,66],"relic_stats":{"counters":[10,36],"Boot":[55],"obtain_stats":[{"NeowsBlessing":0,"Ninja Scroll":7,"Boot":9,"Akabeko":10,"Ring of the Snake":0},{"NeowsBlessing":0,"Ninja Scroll":5,"Boot":6,"Akabeko":7,"Ring of the Snake":0},{"NeowsBlessing":0,"Ninja Scroll":15,"Boot":18,"Akabeko":23,"Ring of the Snake":0}],"Ring of the Snake":[20]},"card_choices":[{"not_picked":["Caltrops","Footwork"],"picked":"Deadly Poison","floor":1.0},{"not_picked":["Dagger Spray","Footwork"],"picked":"Blade Dance","floor":2.0},{"not_picked":["Slice","Expertise"],"picked":"Noxious Fumes","floor":3.0},{"not_picked":["Calculated Gamble","Cloak And Dagger"],"picked":"Sucker Punch","floor":5.0},{"not_picked":["Deadly Poison","Dagger Throw"],"picked":"Well Laid Plans","floor":7.0},{"not_picked":["Sucker Punch","Predator"],"picked":"Blade Dance","floor":8},{"not_picked":["All Out Attack","Setup"],"picked":"Tools of the Trade","floor":10},{"not_picked":["Expertise","Poisoned Stab"],"picked":"Escape Plan","floor":11},{"not_picked":["Concentrate","Quick Slash"],"picked":"Dodge and Roll","floor":14}],"player_experience":2420327,"relics_obtained":[{"floor":7.0,"key":"Ninja Scroll"},{"floor":9,"key":"Boot"},{"floor":10,"key":"Akabeko"}],"event_choices":[{"damage_healed":0.0,"max_hp_gain":0.0,"max_hp_loss":0.0,"gold_gain":0.0,"event_name":"The Woman in Blue","player_choice":"Bought 0 Potions","floor":4.0,"gold_loss":0.0,"damage_taken":0.0},{"damage_healed":0,"gold_gain":0,"player_choice":"Ignored","damage_taken":0,"max_hp_gain":0,"max_hp_loss":0,"event_name":"Shining Light","floor":12,"gold_loss":0}],"is_beta":false,"boss_relics":[],"items_purged_floors":[],"is_endless":false,"potions_floor_spawned":[2,3,7],"killed_by":"Hexaghost","ascension_level":20,"potion_discard_per_floor":[[],[],[],[],[],[],[],[],[],[],[],[],[],[],[],[]]}