{"neow_bonuses_skipped_log":["RANDOM_COLORLESS","THREE_ENEMY_KILL","BOSS_RELIC"],"neow_costs_skipped_log":["NONE","NONE","NONE"],"potions_obtained_entropic_brew":[[],[],[],[],[],[],[],[],[],[],[],[],[],[],[],[]],"gold_per_floor":[111,111,136,152,152,152,0,0,0,24,24,47,47,90,90,90],"floor_reached":16,"playtime":566,"items_purged":["Defend_G"],"score":200,"play_id":"5e43e6b7-2773-49f3-85a5-be0d56b3ee39","local_time":"20240621010531","score_breakdown":["Floors Climbed (16): 80","Enemies Slain (5): 10","Exordium Elites Killed (1): 10","Bosses Slain (0): 0","Ascension (20): 100"],"is_ascension_mode":true,"potions_obtained_alchemize":[[],[],[],[],[],[],[],[],[],[],[],[],[],[],[],[]],"campfire_choices":[{"data":"Poisoned Stab","floor":6,"key":"SMITH"},{"floor":11,"key":"REST"},{"data":"Predator","floor":15,"key":"SMITH"}],"lesson_learned_per_floor":[[],[],[],[],[],[],[],[],[],[],[],[],[],[],[],[]],"neow_cost":"TEN_PERCENT_HP_LOSS","improvable_cards":{},"seed_source_timestamp":763878161473500,"shop_contents":[{"floor":7,"relics":["Vajra","InkBottle","PrismaticShard"],"cards":["Endless Agony","Burst","Deflect","Accuracy","Mind Blast","The Bomb"],"potions":["Strength Potion","DuplicationPotion","GhostInAJar"]}],"circlet_count":0,"master_deck":["AscendersBane","Strike_G","Strike_G","Strike_G","Defend_G","Defend_G","Defend_G","Survivor","Neutralize","Poisoned Stab+1","Poisoned Stab","Dagger Throw","PiercingWail","Predator+1","Deflect","Adrenaline"],"potion_use_per_floor":[[],[],[],[],[],[],[],[],[],["SkillPotion"],[],[],["Fruit Juice"],["CultistPotion"],[],["PowerPotion","GhostInAJar"]],"relics":["Ring of the Snake","Golden Idol","Bottled Lightning","Tiny Chest"],"potions_floor_usage":[10,13,14,16,16],"damage_taken":[{"damage":11,"enemies":"Cultist","floor":1,"turns":6},{"damage":2,"enemies":"Jaw Worm","floor":3,"turns":5},{"damage":6,"enemies":"2 Louse","floor":4,"turns":3},{"damage":15,"enemies":"Exordium Thugs","floor":10,"turns":5},{"damage":12,"enemies":"Large Slime","floor":12,"turns":4},{"damage":15,"enemies":"3 Sentries","floor":14,"turns":7},{"damage":28,"enemies":"Slime Boss","floor":16,"turns":9}],"seed_played":"-2851003396197209502","neow_bonus_log":{"cardsObtained":[],"cardsUpgraded":[],"cardsRemoved":["Strike_G","Defend_G"],"cardsTransformed":[],"relicsObtained":[],"maxHpGained":0,"goldGained":0,"damageTaken":0,"goldLost":0,"maxHpLost":6},"potions_obtained":[{"floor":3,"key":"SkillPotion"},{"floor":12,"key":"Fruit Juice"},{"floor":13,"key":"GhostInAJar"},{"floor":13,"key":"CultistPotion"},{"floor":14,"key":"PowerPotion"}],"is_trial":false,"path_per_floor":["M","?","M","M","?","R","$","?","T","M","R","M","?","E","R","B"],"character_chosen":"THE_SILENT","basemod:card_modifiers":[null,null,null,null,null,null,null,null,null,null,null,null,null,null,null,null],"items_purchased":["Predator"],"campfire_rested":1,"item_purchase_floors":[7],"current_hp_per_floor":[48,48,46,40,40,40,40,45,45,30,47,35,40,25,25,0],"gold":90,"neow_bonus":"REMOVE_TWO","is_prod":false,"is_daily":false,"rewards_skipped":[],"chose_seed":false,"campfire_upgraded":2,"win_rate":0,"floor_exit_playtime":[106,115,150,189,201,206,221,228,239,299,306,344,348,427,435],"timestamp":1718946331,"path_taken":["M","?","M","M","?","R","$","?","T","M","R","M","?","E","R","BOSS"],"build_version":"2022-12-18","purchased_purges":1,"victory":false,"max_hp_per_floor":[60,54,54,54,54,54,54,59,59,59,59,59,64,64,64,64],"relic_stats":{"counters":[7,39],"Golden Idol":27,"Tiny Chest":0,"Bottled Lightning":"PiercingWail","obtain_stats":[{"Golden Idol":2,"Tiny Chest":14,"Bottled Lightning":9,"Ring of the Snake":0},{"Golden Idol":1,"Tiny Chest":6,"Bottled Lightning":3,"Ring of the Snake":0},{"Golden Idol":6,"Tiny Chest":30,"Bottled Lightning":14,"Ring of the Snake":0}],"Ring of the Snake":[14]},"card_choices":[{"not_picked":["PiercingWail","Sucker Punch"],"picked":"Poisoned Stab","floor":1},{"not_picked":["Deflect","Caltrops"],"picked":"Poisoned Stab","floor":3},{"not_picked":["Riddle With Holes","Flying Knee"],"picked":"Dagger Throw","floor":4},{"not_picked":["Accuracy","PiercingWail","Poisoned Stab"],"picked":"SKIP","floor":10},{"not_picked":["Poisoned Stab","Prepared"],"picked":"Deflect","floor":12},{"not_picked":["Prepared","Caltrops"],"picked":"Adrenaline","floor":14}],"player_experience":2553663,"relics_obtained":[{"floor":9,"key":"Bottled Lightning"},{"floor":14,"key":"Tiny Chest"}],"event_choices":[{"damage_healed":0,"gold_gain":0,"player_choice":"Lose Max HP","damage_taken":0,"relics_obtained":["Golden Idol"],"max_hp_gain":0,"max_hp_loss":6,"event_name":"Golden Idol","floor":2,"gold_loss":0},{"damage_healed":0,"gold_gain":0,"cards_transformed":["Strike_G"],"player_choice":"Change","damage_taken":0,"max_hp_gain":0,"max_hp_loss":0,"event_name":"Living Wall","floor":5,"gold_loss":0,"cards_obtained":["PiercingWail"]},{"damage_healed":0,"gold_gain":0,"player_choice":"Donut","damage_taken":0,"max_hp_gain":5,"max_hp_loss":0,"event_name":"Big Fish","floor":8,"gold_loss":0},{"damage_healed":0,"gold_gain":0,"player_choice":"Got Potions","damage_taken":0,"max_hp_gain":0,"max_hp_loss":0,"event_name":"Lab","floor":13,"gold_loss":0}],"is_beta":false,"boss_relics":[],"items_purged_floors":[7],"is_endless":false,"potions_floor_spawned":[3,12,14],"killed_by":"Slime Boss","ascension_level":20,"potion_discard_per_floor":[[],[],[],[],[],[],[],[],[],[],[],[],[],[],[],[]]}