{"neow_bonuses_skipped_log":["THREE_CARDS","TWENTY_PERCENT_HP_BONUS","BOSS_RELIC"],"neow_costs_skipped_log":["NONE","NO_GOLD","NONE"],"potions_obtained_entropic_brew":[[],[],[],[],[],[],[],[],[],[],[],[],[],[],[],[],[],[],[],[],[],[],[],[],[],[],[],[],[],[],[],[],[],[],[],[],[],[],[],[]],"gold_per_floor":[218,1,1,16,36,36,70,70,70,89,89,103,128,158,158,232,232,251,166,177,20,34,34,49,49,49,59,70,100,24,24,24,99,99,111,166,166,182,182,182],"floor_reached":40,"playtime":1727,"items_purged":[],"score":882,"play_id":"aeb6ffa1-b374-4221-9777-3be6470d8922","local_time":"20240611173210","falling_options_log":["Predator+1","Footwork"],"score_breakdown":["Floors Climbed (40): 200","Enemies Slain (13): 26","Exordium Elites Killed (2): 20","City Elites Killed (1): 20","Beyond Elites Killed (0): 0","Bosses Slain (2): 150","Champion (1): 25","Ascension (20): 441"],"is_ascension_mode":true,"potions_obtained_alchemize":[[],[],[],[],[],[],[],[],[],[],[],[],[],[],[],[],[],[],[],[],[],[],[],[],[],[],[],[],[],[],[],[],[],[],[],[],[],[],[],[]],"campfire_choices":[{"data":"Predator","floor":6.0,"key":"SMITH"},{"data":"Phantasmal Killer","floor":8.0,"key":"SMITH"},{"floor":11.0,"key":"REST"},{"data":"Phantasmal Killer","floor":15.0,"key":"SMITH"},{"data":"Blade Dance","floor":23.0,"key":"SMITH"},{"data":"Well Laid Plans","floor":25.0,"key":"SMITH"},{"floor":32,"key":"REST"}],"lesson_learned_per_floor":[[],[],[],[],[],[],[],[],[],[],[],[],[],[],[],[],[],[],[],[],[],[],[],[],[],[],[],[],[],[],[],[],[],[],[],[],[],[],[],[]],"neow_cost":"NONE","improvable_cards":{},"seed_source_timestamp":2217681128682000,"shop_contents":[{"floor":2,"relics":["Mummified Hand","Strange Spoon"],"cards":["Sucker Punch","Grand Finale","Acrobatics","Noxious Fumes","Finesse","Panache"],"potions":["Ancient Potion","Energy Potion","Energy Potion"]},{"floor":21,"relics":["CaptainsWheel","Potion Belt"],"cards":["Dash+1","Eviscerate+1","Distraction","Dodge and Roll","Infinite Blades","Panacea","Secret Technique"],"potions":["Poison Potion","SkillPotion","LiquidBronze"]},{"floor":30,"relics":["Bag of Marbles","Letter Opener","OrangePellets"],"cards":["All Out Attack+1","Glass Knife+1","Outmaneuver","Setup","Good Instincts","HandOfGreed+1"],"potions":["AttackPotion","ColorlessPotion","PowerPotion"]}],"circlet_count":0,"master_deck":["AscendersBane","Strike_G","Strike_G","Strike_G","Strike_G","Strike_G","Defend_G","Defend_G","Defend_G","Defend_G","Survivor","Neutralize","Acrobatics","Cloak And Dagger+1","Flying Knee","Predator+1","Phantasmal Killer+1","Blade Dance+1","Well Laid Plans+1","Phantasmal Killer+1","After Image","PiercingWail+1","Backflip","Acrobatics+1","Dodge and Roll+1","Endless Agony+1","Reflex","Footwork","Burst","Blade Dance","Acrobatics"],"special_seed":0,"potion_use_per_floor":[[],[],[],[],[],[],["Energy Potion"],[],[],[],[],[],["SteroidPotion"],[],[],[],[],[],[],["SpeedPotion"],[],["GamblersBrew"],[],[],[],[],[],[],["DistilledChaos"],[],[],[],[],[],[],["Dexterity Potion"],[],[],[],[]],"relics":["Ring of the Snake","Bronze Scales","Gremlin Horn","Shuriken","Odd Mushroom","Singing Bowl","Cursed Key","Molten Egg 2","Lee\u0027s Waffle","PreservedInsect","HoveringKite","Peace Pipe"],"potions_floor_usage":[29,36],"damage_taken":[{"damage":1.0,"enemies":"Small Slimes","floor":1.0,"turns":4.0},{"damage":2.0,"enemies":"2 Louse","floor":4.0,"turns":3.0},{"damage":6.0,"enemies":"Jaw Worm","floor":5.0,"turns":3.0},{"damage":30.0,"enemies":"Gremlin Nob","floor":7.0,"turns":4.0},{"damage":0.0,"enemies":"Looter","floor":10.0,"turns":3.0},{"damage":3.0,"enemies":"Large Slime","floor":12.0,"turns":5.0},{"damage":2.0,"enemies":"The Mushroom Lair","floor":13.0,"turns":3.0},{"damage":12.0,"enemies":"3 Sentries","floor":14.0,"turns":3.0},{"damage":9.0,"enemies":"Hexaghost","floor":16.0,"turns":6.0},{"damage":15.0,"enemies":"Spheric Guardian","floor":18.0,"turns":4.0},{"damage":9.0,"enemies":"Shell Parasite","floor":20.0,"turns":5.0},{"damage":5.0,"enemies":"Snecko","floor":22.0,"turns":5.0},{"damage":15.0,"enemies":"Centurion and Healer","floor":24.0,"turns":4.0},{"damage":10,"enemies":"Chosen and Byrds","floor":27,"turns":5},{"damage":9,"enemies":"Snake Plant","floor":28,"turns":4},{"damage":0,"enemies":"Slavers","floor":29,"turns":4},{"damage":3,"enemies":"Collector","floor":33,"turns":8},{"damage":0,"enemies":"3 Darklings","floor":35,"turns":4},{"damage":47,"enemies":"2 Orb Walkers","floor":36,"turns":5},{"damage":10,"enemies":"Orb Walker","floor":38,"turns":4},{"damage":0,"enemies":"Nemesis","floor":40,"turns":1}],"seed_played":"-5884592359307456383","neow_bonus_log":{"cardsObtained":[],"cardsUpgraded":[],"cardsRemoved":[],"cardsTransformed":[],"relicsObtained":[],"maxHpGained":0,"goldGained":100,"damageTaken":0,"goldLost":0,"maxHpLost":0},"potions_obtained":[{"floor":5.0,"key":"Energy Potion"},{"floor":7.0,"key":"SteroidPotion"},{"floor":12.0,"key":"SpeedPotion"},{"floor":14.0,"key":"GamblersBrew"},{"floor":28,"key":"DistilledChaos"},{"floor":33,"key":"Dexterity Potion"},{"floor":38,"key":"Explosive Potion"}],"is_trial":false,"path_per_floor":["M","$","?","M","M","R","E","R","T","M","R","M","?","E","R","B",null,"M","?","M","$","M","R","M","R","T","M","M","E","$","?","R","B",null,"M","?","?","M","?","E"],"character_chosen":"THE_SILENT","basemod:card_modifiers":[null,null,null,null,null,null,null,null,null,null,null,null,null,null,null,null,null,null,null,null,null,null,null,null,null,null,null,null,null,null,null],"items_purchased":["Bronze Scales","Cloak And Dagger","Lee\u0027s Waffle","Footwork"],"campfire_rested":2,"item_purchase_floors":[2,2,21,30],"current_hp_per_floor":[58,58,58,56,50,50,20,20,20,20,39,36,34,22,22,13,53,38,38,29,73,68,68,53,53,53,43,36,36,36,36,58,55,70,70,23,23,15,15,15],"gold":182,"neow_bonus":"HUNDRED_GOLD","is_prod":false,"is_daily":false,"rewards_skipped":[{"floor":18,"relics":[],"potions":["Weak Potion"]}],"chose_seed":false,"campfire_upgraded":5,"win_rate":0,"floor_exit_playtime":[48,62,76,109,165,170,220,227,229,253,256,308,383,441,446,543,571,612,616,687,695,785,792,865,873,895,971,1038,1112,1127,1130,1132,1409,1425,1544,1635,1640,1701,1705],"timestamp":1718141530,"path_taken":["M","$","?","M","M","R","E","R","T","M","R","M","?","E","R","BOSS","M","?","M","?","M","R","M","R","T","M","M","E","$","?","R","BOSS","M","?","?","M","?","E"],"build_version":"2022-12-18","purchased_purges":0,"victory":false,"max_hp_per_floor":[66,66,66,66,66,66,66,66,66,66,66,66,66,66,66,66,66,66,66,66,73,73,73,73,73,73,73,75,75,75,75,75,75,75,75,75,71,73,73,73],"relic_stats":{"Peace Pipe":0,"Lee\u0027s Waffle":44,"Gremlin Horn":[20,20],"Singing Bowl":4,"counters":[21,87],"Shuriken":[52],"Bronze Scales":[232],"HoveringKite":[5],"PreservedInsect":50,"Cursed Key":0,"obtain_stats":[{"Peace Pipe":36,"Lee\u0027s Waffle":21,"Gremlin Horn":7,"Singing Bowl":14,"Shuriken":9,"Bronze Scales":2,"HoveringKite":34,"Molten Egg 2":19,"PreservedInsect":29,"Odd Mushroom":13,"Cursed Key":17,"Ring of the Snake":0},{"Peace Pipe":19,"Lee\u0027s Waffle":11,"Gremlin Horn":4,"Singing Bowl":8,"Shuriken":4,"Bronze Scales":1,"HoveringKite":17,"Molten Egg 2":10,"PreservedInsect":16,"Odd Mushroom":7,"Cursed Key":9,"Ring of the Snake":0},{"Peace Pipe":82,"Lee\u0027s Waffle":43,"Gremlin Horn":14,"Singing Bowl":28,"Shuriken":14,"Bronze Scales":4,"HoveringKite":73,"Molten Egg 2":38,"PreservedInsect":65,"Odd Mushroom":25,"Cursed Key":34,"Ring of the Snake":0}],"Ring of the Snake":[42]},"card_choices":[{"not_picked":["PiercingWail","Outmaneuver"],"picked":"Acrobatics","floor":1.0},{"not_picked":["PiercingWail","Bane"],"picked":"Flying Knee","floor":4.0},{"not_picked":["Dash","Dagger Spray"],"picked":"Predator","floor":5.0},{"not_picked":["Dash","Blade Dance"],"picked":"Phantasmal Killer","floor":7.0},{"not_picked":["Flying Knee","Underhanded Strike"],"picked":"Blade Dance","floor":10.0},{"not_picked":["Slice","Flying Knee"],"picked":"Well Laid Plans","floor":12.0},{"not_picked":["Eviscerate","Expertise","Bane"],"picked":"SKIP","floor":13.0},{"not_picked":["Caltrops","Quick Slash"],"picked":"Phantasmal Killer","floor":14.0},{"not_picked":["A Thousand Cuts","Envenom"],"picked":"After Image","floor":16.0},{"not_picked":["Cloak And Dagger","Flying Knee+1"],"picked":"PiercingWail+1","floor":18.0},{"not_picked":["Flechettes+1","Leg Sweep"],"picked":"Backflip","floor":20.0},{"not_picked":["Footwork","Backflip"],"picked":"Acrobatics+1","floor":22.0},{"not_picked":["Acrobatics","All Out Attack+1"],"picked":"Dodge and Roll+1","floor":24.0},{"not_picked":["Acrobatics","Slice+1"],"picked":"Endless Agony+1","floor":27},{"not_picked":["Flying Knee+1","Outmaneuver","Bouncing Flask"],"picked":"Singing Bowl","floor":28},{"not_picked":["Sucker Punch+1","Blur"],"picked":"Reflex","floor":29},{"not_picked":["Corpse Explosion","Phantasmal Killer"],"picked":"Burst","floor":33},{"not_picked":["Underhanded Strike+1","Heel Hook+1"],"picked":"Blade Dance","floor":35},{"not_picked":["Slice+1","Distraction"],"picked":"Acrobatics","floor":36},{"not_picked":["Acrobatics","Dagger Spray+1","Cloak And Dagger"],"picked":"Singing Bowl","floor":38}],"player_experience":2466956,"relics_obtained":[{"floor":7.0,"key":"Gremlin Horn"},{"floor":9.0,"key":"Shuriken"},{"floor":13.0,"key":"Odd Mushroom"},{"floor":14.0,"key":"Singing Bowl"},{"floor":29,"key":"PreservedInsect"},{"floor":36,"key":"Peace Pipe"}],"event_choices":[{"damage_healed":0.0,"max_hp_gain":0.0,"max_hp_loss":0.0,"gold_gain":0.0,"event_name":"Living Wall","player_choice":"Grow","floor":3.0,"gold_loss":0.0,"damage_taken":0.0,"cards_upgraded":["Cloak And Dagger"]},{"damage_healed":0.0,"max_hp_gain":0.0,"max_hp_loss":0.0,"gold_gain":0.0,"event_name":"Mushrooms","player_choice":"Fought Mushrooms","floor":13.0,"gold_loss":0.0,"damage_taken":0.0},{"damage_healed":0.0,"max_hp_gain":0.0,"max_hp_loss":0.0,"gold_gain":0.0,"event_name":"Addict","player_choice":"Obtained Relic","floor":19.0,"gold_loss":85.0,"damage_taken":0.0,"relics_obtained":["Molten Egg 2"]},{"damage_healed":0,"gold_gain":0,"player_choice":"Ignored","damage_taken":0,"max_hp_gain":0,"max_hp_loss":0,"event_name":"The Mausoleum","floor":31,"gold_loss":0},{"damage_healed":0,"gold_gain":0,"player_choice":"Fight","damage_taken":0,"max_hp_gain":0,"max_hp_loss":0,"event_name":"Mysterious Sphere","floor":36,"gold_loss":0},{"damage_healed":0,"gold_gain":0,"player_choice":"Max HP","damage_taken":0,"max_hp_gain":0,"max_hp_loss":4,"event_name":"Winding Halls","floor":37,"gold_loss":0},{"cards_removed":["Defend_G"],"damage_healed":0,"gold_gain":0,"player_choice":"Removed Skill","damage_taken":0,"max_hp_gain":0,"max_hp_loss":0,"event_name":"Falling","floor":39,"gold_loss":0}],"is_beta":false,"boss_relics":[{"not_picked":["Ring of the Serpent","Philosopher\u0027s Stone"],"picked":"Cursed Key"},{"not_picked":["Velvet Choker","Runic Dome"],"picked":"HoveringKite"}],"items_purged_floors":[],"is_endless":false,"potions_floor_spawned":[5,7,12,14,18,28,33,38],"killed_by":"Nemesis","ascension_level":20,"potion_discard_per_floor":[[],[],[],[],[],[],[],[],[],[],[],[],[],[],[],[],[],[],[],[],[],[],[],[],[],[],[],[],[],[],[],[],[],[],[],[],[],[],[],[]]}