{"neow_bonuses_skipped_log":["ONE_RANDOM_RARE_CARD","ONE_RARE_RELIC","BOSS_RELIC"],"potions_obtained_entropic_brew":[[],[],[],[],[],[],[]],"neow_costs_skipped_log":["NONE","CURSE","NONE"],"gold_per_floor":[118,31,44,58,70,70,70],"floor_reached":7,"playtime":321,"items_purged":[],"score":86,"play_id":"79dd94da-9153-4fce-bbb5-eb3c63a48d59","local_time":"20240701173943","score_breakdown":["Floors Climbed (7): 35","Enemies Slain (4): 8","Exordium Elites Killed (0): 0","Bosses Slain (0): 0","Ascension (20): 43"],"is_ascension_mode":true,"potions_obtained_alchemize":[[],[],[],[],[],[],[]],"campfire_choices":[{"data":"Cloak And Dagger","floor":6,"key":"SMITH"}],"lesson_learned_per_floor":[[],[],[],[],[],[],[]],"neow_cost":"NONE","improvable_cards":{},"seed_source_timestamp":1687782055369500,"shop_contents":[{"floor":2,"relics":["Tough Bandages","Matryoshka","Strange Spoon"],"cards":["Poisoned Stab","Eviscerate","Deadly Poison","Expertise","Swift Strike","Metamorphosis"],"potions":["CultistPotion","SmokeBomb","Regen Potion"]}],"circlet_count":0,"master_deck":["AscendersBane","Strike_G","Strike_G","Strike_G","Strike_G","Strike_G","Defend_G","Defend_G","Defend_G","Defend_G","Defend_G","Survivor","Neutralize","Cloak And Dagger+1","Accuracy","Acrobatics","Slice"],"potion_use_per_floor":[[],[],[],[],["Block Potion"],[],["LiquidMemories"]],"relics":["Ring of the Snake","Oddly Smooth Stone"],"potions_floor_usage":[5,7],"damage_taken":[{"damage":0,"enemies":"2 Louse","floor":1,"turns":3},{"damage":0,"enemies":"Jaw Worm","floor":3,"turns":4},{"damage":0,"enemies":"Small Slimes","floor":4,"turns":5},{"damage":24,"enemies":"Exordium Wildlife","floor":5,"turns":10},{"damage":35,"enemies":"Lagavulin","floor":7,"turns":9}],"seed_played":"-7399024569491974009","neow_bonus_log":{"cardsObtained":[],"cardsUpgraded":[],"cardsRemoved":[],"cardsTransformed":[],"relicsObtained":["Oddly Smooth Stone"],"maxHpGained":0,"goldGained":0,"damageTaken":0,"goldLost":0,"maxHpLost":0},"potions_obtained":[{"floor":4,"key":"Block Potion"},{"floor":5,"key":"LiquidMemories"}],"is_trial":false,"path_per_floor":["M","$","M","M","M","R","E"],"character_chosen":"THE_SILENT","basemod:card_modifiers":[null,null,null,null,null,null,null,null,null,null,null,null,null,null,null,null,null],"items_purchased":["Accuracy"],"campfire_rested":0,"item_purchase_floors":[2],"current_hp_per_floor":[59,59,59,59,35,35,0],"gold":70,"neow_bonus":"RANDOM_COMMON_RELIC","is_prod":false,"is_daily":false,"rewards_skipped":[],"chose_seed":false,"campfire_upgraded":1,"win_rate":0,"floor_exit_playtime":[47,65,96,134,240,246],"timestamp":1719869983,"path_taken":["M","$","M","M","M","R","E"],"build_version":"2022-12-18","purchased_purges":0,"victory":false,"max_hp_per_floor":[66,66,66,66,66,66,66],"relic_stats":{"counters":[5,31],"obtain_stats":[{"Oddly Smooth Stone":0,"Ring of the Snake":0},{"Oddly Smooth Stone":0,"Ring of the Snake":0},{"Oddly Smooth Stone":0,"Ring of the Snake":0}],"Ring of the Snake":[10]},"card_choices":[{"not_picked":["Escape Plan","Acrobatics"],"picked":"Cloak And Dagger","floor":1},{"not_picked":["Outmaneuver","Dagger Spray"],"picked":"Acrobatics","floor":3},{"not_picked":["Concentrate","Dodge and Roll"],"picked":"Slice","floor":4},{"not_picked":["Deadly Poison","Slice","Dagger Throw"],"picked":"SKIP","floor":5}],"player_experience":2596008,"relics_obtained":[],"event_choices":[],"is_beta":false,"boss_relics":[],"items_purged_floors":[],"is_endless":false,"potions_floor_spawned":[4,5],"killed_by":"Lagavulin","ascension_level":20,"potion_discard_per_floor":[[],[],[],[],[],[],[]]}