{"neow_bonuses_skipped_log":["TRANSFORM_CARD","RANDOM_COMMON_RELIC","BOSS_RELIC"],"potions_obtained_entropic_brew":[[],[],[],[],[],[],[],[],[],[],[],[],[],[],[],[],[],[],[],[],[],[],[],[],[],[],[],[],[],[],[],[],[],[],[],[],[],[],[],[],[],[],[],[],[],[],[],[],[],[],[],[],[],[],[],[],[]],"neow_costs_skipped_log":["NONE","NONE","NONE"],"gold_per_floor":[119,44,44,59,82,125,154,154,154,154,79,104,143,143,143,239,239,259,259,290,26,26,54,54,87,139,155,173,202,214,244,244,323,323,334,1333,346,346,362,362,362,393,393,393,405,405,438,660,660,660,660,660,660,106,133,133],"floor_reached":57,"playtime":4581,"items_purged":["Regret","Strike_G","Normality","Normality"],"score":2859,"play_id":"c20eea73-98ba-4682-a57a-571fef510f2f","local_time":"20240707130433","falling_options_log":["Backstab","After Image"],"score_breakdown":["Floors Climbed (57): 285","Enemies Slain (11): 22","Exordium Elites Killed (2): 20","City Elites Killed (4): 80","Beyond Elites Killed (2): 60","Bosses Slain (5): 750","Money Money (1989): 25","Champion (1): 25","Perfect (1): 50","Ascension (20): 1292","Heartbreaker: 250"],"is_ascension_mode":true,"potions_obtained_alchemize":[[],[],[],[],[],[],[],[],[],[],[],[],[],[],[],[],[],[],[],[],[],[],[],[],[],[],[],[],[],[],[],[],[],[],[],[],[],[],[],[],[],[],[],[],[],[],[],[],[],[],[],[],[],[],[],[],[]],"campfire_choices":[{"data":"Dagger Spray","floor":8,"key":"SMITH"},{"data":"Blade Dance","floor":10,"key":"SMITH"},{"floor":15,"key":"REST"},{"data":"Grand Finale","floor":24,"key":"SMITH"},{"data":"Concentrate","floor":32,"key":"SMITH"},{"data":"Apotheosis","floor":40,"key":"SMITH"},{"floor":46,"key":"RECALL"},{"data":"Malaise","floor":49,"key":"SMITH"},{"data":"After Image","floor":53,"key":"SMITH"}],"lesson_learned_per_floor":[[],[],[],[],[],[],[],[],[],[],[],[],[],[],[],[],[],[],[],[],[],[],[],[],[],[],[],[],[],[],[],[],[],[],[],[],[],[],[],[],[],[],[],[],[],[],[],[],[],[],[],[],[],[],[],[],[]],"neow_cost":"CURSE","improvable_cards":{},"seed_source_timestamp":371193230968800,"shop_contents":[{"floor":2,"relics":["Shuriken","InkBottle","Cauldron"],"cards":["Slice","Skewer","Tactician","Blade Dance","Footwork","Dark Shackles","Panache"],"potions":["Strength Potion","Fire Potion","Weak Potion"]},{"floor":21,"relics":["Strawberry","Toy Ornithopter","TwistedFunnel"],"cards":["Sucker Punch","Terror","Acrobatics","After Image","Discovery","Chrysalis"],"potions":["Block Potion","SkillPotion","Ancient Potion"]},{"floor":37,"relics":["Akabeko"],"cards":["Underhanded Strike","Endless Agony","PiercingWail","Well Laid Plans"],"potions":["GamblersBrew","SneckoOil"]},{"floor":54,"relics":["PrismaticShard"],"cards":["Choke","Slice","Cloak And Dagger","Accuracy","Finesse","Violence"],"potions":["DuplicationPotion","Poison Potion","Poison Potion"]}],"circlet_count":0,"master_deck":["AscendersBane","Strike_G","Strike_G","Strike_G","Defend_G","Defend_G+1","Defend_G","Survivor","Neutralize","Dagger Spray+1","Backflip","Leg Sweep","Blade Dance+1","Bouncing Flask+1","Backstab","After Image+1","Escape Plan","Footwork","Grand Finale+1","Flechettes","Dodge and Roll+1","Backflip","Concentrate+1","Malaise+1","Apotheosis+1","Outmaneuver","Finesse","Dagger Throw","Tools of the Trade","Escape Plan","Footwork+1","Calculated Gamble","Catalyst+1"],"potion_use_per_floor":[[],[],[],[],[],["ColorlessPotion","Explosive Potion"],[],[],[],[],[],[],[],[],[],[],[],[],[],["Explosive Potion"],[],[],[],[],["SkillPotion"],[],[],[],[],[],[],[],["PowerPotion"],[],[],[],[],[],[],[],[],[],[],[],[],[],[],[],[],["DuplicationPotion"],[],[],[],[],[],[],[]],"relics":["Ring of the Snake","Thread and Needle","Bloody Idol","Ornamental Fan","Odd Mushroom","Darkstone Periapt","Ice Cream","Runic Pyramid","Red Mask","War Paint","Meat on the Bone","Happy Flower","Gambling Chip","Eternal Feather","Coffee Dripper","Mummified Hand","Toolbox","HornCleat","Regal Pillow","Centennial Puzzle","Bronze Scales","Blood Vial"],"potions_floor_usage":[6,6,20,25,33,50],"damage_taken":[{"damage":2,"enemies":"2 Louse","floor":1,"turns":5},{"damage":3,"enemies":"Jaw Worm","floor":4,"turns":5},{"damage":0,"enemies":"Small Slimes","floor":5,"turns":3},{"damage":4,"enemies":"Gremlin Nob","floor":6,"turns":3},{"damage":9,"enemies":"The Mushroom Lair","floor":7,"turns":5},{"damage":0,"enemies":"2 Fungi Beasts","floor":12,"turns":3},{"damage":16,"enemies":"Lagavulin","floor":13,"turns":7},{"damage":8,"enemies":"Hexaghost","floor":16,"turns":11},{"damage":0,"enemies":"3 Byrds","floor":18,"turns":6},{"damage":0,"enemies":"Masked Bandits","floor":20,"turns":4},{"damage":1,"enemies":"Book of Stabbing","floor":23,"turns":6},{"damage":15,"enemies":"Slavers","floor":25,"turns":4},{"damage":0,"enemies":"Shell Parasite","floor":27,"turns":3},{"damage":0,"enemies":"Chosen and Byrds","floor":28,"turns":5},{"damage":0,"enemies":"Gremlin Leader","floor":29,"turns":6},{"damage":0,"enemies":"Snake Plant","floor":30,"turns":6},{"damage":1,"enemies":"Slavers","floor":31,"turns":4},{"damage":0,"enemies":"Champ","floor":33,"turns":10},{"damage":0,"enemies":"Orb Walker","floor":35,"turns":4},{"damage":0,"enemies":"3 Shapes","floor":39,"turns":6},{"damage":41,"enemies":"Reptomancer","floor":42,"turns":10},{"damage":0,"enemies":"3 Darklings","floor":45,"turns":4},{"damage":8,"enemies":"Nemesis","floor":47,"turns":7},{"damage":7,"enemies":"Awakened One","floor":50,"turns":19},{"damage":15,"enemies":"Time Eater","floor":51,"turns":14},{"damage":14,"enemies":"Shield and Spear","floor":55,"turns":7},{"damage":29,"enemies":"The Heart","floor":56,"turns":11}],"green_key_taken_log":42,"seed_played":"8449482726692427924","neow_bonus_log":{"cardsObtained":["Regret"],"cardsUpgraded":[],"cardsRemoved":[],"cardsTransformed":[],"relicsObtained":["Thread and Needle"],"maxHpGained":0,"goldGained":0,"damageTaken":0,"goldLost":0,"maxHpLost":0},"potions_obtained":[{"floor":4,"key":"ColorlessPotion"},{"floor":5,"key":"Explosive Potion"},{"floor":12,"key":"Explosive Potion"},{"floor":13,"key":"SkillPotion"},{"floor":25,"key":"Regen Potion"},{"floor":27,"key":"PowerPotion"},{"floor":39,"key":"SteroidPotion"}],"is_trial":false,"path_per_floor":["M","$","?","M","M","E","?","R","T","R","?","M","E","?","R","B",null,"M","?","?","$","?","E","R","E","T","M","M","E","M","E","R","B",null,"M","?","$","?","M","R","?","E","T","?","M","R","E","?","R","B","B",null,"R","$","E","B",null],"character_chosen":"THE_SILENT","basemod:card_modifiers":[null,null,null,null,null,null,null,null,null,null,null,null,null,null,null,null,null,null,null,null,null,null,null,null,null,null,null,null,null,null,null,null,null],"items_purchased":["Grand Finale","Mummified Hand","Toolbox","Apotheosis","Outmaneuver","DuplicationPotion","Finesse","Calculated Gamble","Centennial Puzzle","Bronze Scales"],"campfire_rested":1,"item_purchase_floors":[21,37,37,37,37,37,37,54,54,54],"current_hp_per_floor":[57,57,57,54,54,50,41,41,41,41,41,41,25,18,36,28,52,52,52,57,57,57,60,60,50,55,60,60,60,60,60,60,60,60,60,72,72,72,72,72,68,44,44,44,49,67,64,68,68,61,46,63,68,68,59,44],"gold":133,"neow_bonus":"ONE_RARE_RELIC","is_prod":false,"is_daily":false,"rewards_skipped":[{"floor":30,"relics":[],"potions":["Poison Potion"]},{"floor":45,"relics":[],"potions":["ColorlessPotion"]}],"chose_seed":false,"campfire_upgraded":7,"win_rate":0,"floor_exit_playtime":[80,95,99,152,181,241,299,311,314,340,349,397,464,475,477,586,601,694,700,781,808,962,1093,1100,1215,1219,1305,1398,1516,1619,1779,1802,2024,2042,2101,2117,2145,2162,2286,2293,2298,2537,2539,2545,2619,2629,2789,2792,2816,3185,3521,4085,4104,4123,4296,4581],"timestamp":1720371873,"blue_key_relic_skipped_log":{"floor":43,"relicID":"Dream Catcher"},"path_taken":["M","$","?","M","M","E","?","R","T","R","?","?","E","?","R","BOSS","M","?","?","$","?","E","R","E","T","M","M","E","M","E","R","BOSS","M","?","$","?","?","R","?","E","T","?","M","R","E","?","R","BOSS","BOSS","R","$","E","BOSS"],"build_version":"2022-12-18","purchased_purges":4,"victory":true,"max_hp_per_floor":[66,66,60,60,60,60,60,60,60,60,60,60,60,60,60,60,60,60,60,60,60,60,60,60,60,60,60,60,60,60,60,60,60,60,60,72,72,72,72,72,68,68,68,68,68,68,68,68,68,68,68,68,68,68,68,68],"relic_stats":{"Darkstone Periapt":12,"Ice Cream":[284],"Regal Pillow":0,"Happy Flower":[38],"counters":[27,178],"Eternal Feather":23,"War Paint":["Bouncing Flask","Defend_G"],"Blood Vial":2,"Centennial Puzzle":[6],"Ornamental Fan":[324],"Mummified Hand":[29],"Bloody Idol":49,"Gambling Chip":[26],"Bronze Scales":[189],"obtain_stats":[{"Darkstone Periapt":9,"Ice Cream":13,"Regal Pillow":47,"Happy Flower":26,"Golden Idol":3,"Thread and Needle":0,"Eternal Feather":31,"Odd Mushroom":7,"War Paint":23,"Blood Vial":55,"Centennial Puzzle":54,"HornCleat":42,"Ornamental Fan":6,"Mummified Hand":37,"Bloody Idol":19,"Gambling Chip":29,"Bronze Scales":54,"Toolbox":37,"Red Mask":20,"Coffee Dripper":34,"Ring of the Snake":0,"Runic Pyramid":17,"Meat on the Bone":25},{"Darkstone Periapt":5,"Ice Cream":7,"Regal Pillow":23,"Happy Flower":12,"Golden Idol":1,"Thread and Needle":0,"Eternal Feather":17,"Odd Mushroom":5,"War Paint":11,"Blood Vial":26,"Centennial Puzzle":25,"HornCleat":21,"Ornamental Fan":4,"Mummified Hand":19,"Bloody Idol":9,"Gambling Chip":15,"Bronze Scales":25,"Toolbox":19,"Red Mask":10,"Coffee Dripper":18,"Ring of the Snake":0,"Runic Pyramid":8,"Meat on the Bone":12},{"Darkstone Periapt":21,"Ice Cream":31,"Regal Pillow":127,"Happy Flower":62,"Golden Idol":5,"Thread and Needle":0,"Eternal Feather":86,"Odd Mushroom":21,"War Paint":58,"Blood Vial":167,"Centennial Puzzle":160,"HornCleat":116,"Ornamental Fan":16,"Mummified Hand":100,"Bloody Idol":48,"Gambling Chip":76,"Bronze Scales":160,"Toolbox":100,"Red Mask":52,"Coffee Dripper":96,"Ring of the Snake":0,"Runic Pyramid":42,"Meat on the Bone":62}],"Ring of the Snake":[54],"Meat on the Bone":24},"card_choices":[{"not_picked":["Bane","Deflect"],"picked":"Dagger Spray","floor":1},{"not_picked":["Slice","PiercingWail"],"picked":"Backflip","floor":4},{"not_picked":["Concentrate","Dagger Spray"],"picked":"Leg Sweep","floor":5},{"not_picked":["Sucker Punch","Flechettes"],"picked":"Blade Dance","floor":6},{"not_picked":["Dagger Spray","PiercingWail"],"picked":"Bouncing Flask","floor":7},{"not_picked":["Dagger Spray","Flying Knee","Leg Sweep"],"picked":"SKIP","floor":12},{"not_picked":["Cloak And Dagger","Poisoned Stab"],"picked":"Backstab","floor":13},{"not_picked":["Bullet Time","Die Die Die"],"picked":"After Image","floor":16},{"not_picked":["Leg Sweep","Quick Slash"],"picked":"Escape Plan","floor":18},{"not_picked":["Concentrate","Calculated Gamble"],"picked":"Footwork","floor":20},{"not_picked":["Slice","Dagger Throw","Flying Knee"],"picked":"SKIP","floor":23},{"not_picked":["Well Laid Plans","Envenom","Backstab"],"picked":"SKIP","floor":25},{"not_picked":["Bane","Flying Knee"],"picked":"Flechettes","floor":27},{"not_picked":["Masterful Stab","Calculated Gamble"],"picked":"Dodge and Roll+1","floor":28},{"not_picked":["Blade Dance","Endless Agony","Dagger Throw"],"picked":"SKIP","floor":29},{"not_picked":["Caltrops","Quick Slash"],"picked":"Backflip","floor":30},{"not_picked":["Quick Slash","PiercingWail"],"picked":"Concentrate","floor":31},{"not_picked":["Die Die Die","Adrenaline"],"picked":"Malaise","floor":33},{"not_picked":["Quick Slash+1","Underhanded Strike+1","Poisoned Stab"],"picked":"SKIP","floor":35},{"not_picked":["Deadly Poison","Underhanded Strike","Cloak And Dagger+1"],"picked":"SKIP","floor":39},{"not_picked":["Blade Dance","Reflex"],"picked":"Escape Plan","floor":42},{"not_picked":["Dodge and Roll","Blade Dance+1","Quick Slash"],"picked":"SKIP","floor":45},{"not_picked":["Poisoned Stab","Venomology"],"picked":"Footwork+1","floor":47},{"not_picked":["Phantasmal Killer","Tools of the Trade"],"picked":"Catalyst+1","floor":55}],"player_experience":2615322,"relics_obtained":[{"floor":6,"key":"Ornamental Fan"},{"floor":7,"key":"Odd Mushroom"},{"floor":9,"key":"Darkstone Periapt"},{"floor":13,"key":"Ice Cream"},{"floor":20,"key":"Red Mask"},{"floor":23,"key":"War Paint"},{"floor":25,"key":"Meat on the Bone"},{"floor":26,"key":"Happy Flower"},{"floor":29,"key":"Gambling Chip"},{"floor":31,"key":"Eternal Feather"},{"floor":42,"key":"HornCleat"},{"floor":47,"key":"Regal Pillow"},{"floor":55,"key":"Blood Vial"}],"event_choices":[{"damage_healed":0,"gold_gain":0,"player_choice":"Lose Max HP","damage_taken":0,"relics_obtained":["Golden Idol"],"max_hp_gain":0,"max_hp_loss":6,"event_name":"Golden Idol","floor":3,"gold_loss":0},{"damage_healed":0,"gold_gain":0,"player_choice":"Fought Mushrooms","damage_taken":0,"max_hp_gain":0,"max_hp_loss":0,"event_name":"Mushrooms","floor":7,"gold_loss":0},{"cards_removed":["Defend_G"],"damage_healed":0,"gold_gain":0,"player_choice":"Card Removal","damage_taken":0,"max_hp_gain":0,"max_hp_loss":0,"event_name":"The Cleric","floor":11,"gold_loss":75},{"cards_removed":["Strike_G"],"damage_healed":0,"gold_gain":0,"player_choice":"Card Removal","damage_taken":7,"max_hp_gain":0,"max_hp_loss":0,"event_name":"Golden Wing","floor":14,"gold_loss":0},{"damage_healed":0,"gold_gain":0,"player_choice":"Gave Idol","damage_taken":0,"relics_obtained":["Bloody Idol"],"max_hp_gain":0,"max_hp_loss":0,"event_name":"Forgotten Altar","floor":19,"relics_lost":["Golden Idol"],"gold_loss":0},{"damage_healed":0,"gold_gain":0,"player_choice":"Fought Bandits","damage_taken":0,"max_hp_gain":0,"max_hp_loss":0,"event_name":"Masked Bandits","floor":20,"gold_loss":0},{"damage_healed":0,"gold_gain":0,"player_choice":"Ignored","damage_taken":0,"max_hp_gain":0,"max_hp_loss":0,"event_name":"Ghosts","floor":22,"gold_loss":0},{"damage_healed":0,"gold_gain":999,"player_choice":"Gold","damage_taken":0,"max_hp_gain":0,"max_hp_loss":0,"event_name":"MindBloom","floor":36,"gold_loss":0,"cards_obtained":["Normality","Normality"]},{"damage_healed":0,"gold_gain":0,"player_choice":"2 cards matched","damage_taken":0,"max_hp_gain":0,"max_hp_loss":0,"event_name":"Match and Keep!","floor":38,"gold_loss":0,"cards_obtained":["Dagger Throw","Tools of the Trade"]},{"damage_healed":0,"gold_gain":0,"player_choice":"Max HP","damage_taken":0,"max_hp_gain":0,"max_hp_loss":4,"event_name":"Winding Halls","floor":41,"gold_loss":0},{"cards_removed":["Defend_G"],"damage_healed":0,"gold_gain":0,"player_choice":"Removed Skill","damage_taken":0,"max_hp_gain":0,"max_hp_loss":0,"event_name":"Falling","floor":44,"gold_loss":0},{"damage_healed":0,"gold_gain":222,"player_choice":"Wore Mask","damage_taken":0,"max_hp_gain":0,"max_hp_loss":0,"event_name":"Tomb of Lord Red Mask","floor":48,"gold_loss":0}],"is_beta":false,"boss_relics":[{"not_picked":["Runic Dome","Ectoplasm"],"picked":"Runic Pyramid"},{"not_picked":["Ring of the Serpent","Astrolabe"],"picked":"Coffee Dripper"}],"items_purged_floors":[2,21,37,54],"is_endless":false,"potions_floor_spawned":[4,5,12,13,25,27,30,39,45],"ascension_level":20,"potion_discard_per_floor":[[],[],[],[],[],[],[],[],[],[],[],[],[],[],[],[],[],[],[],[],[],[],[],[],[],[],[],[],[],[],[],[],[],[],[],[],[],[],["Regen Potion"],[],[],[],[],[],[],[],[],[],[],[],[],[],[],[],[],[],[]]}