{"neow_bonuses_skipped_log":["RANDOM_COLORLESS","THREE_RARE_CARDS","BOSS_RELIC"],"neow_costs_skipped_log":["NONE","TEN_PERCENT_HP_LOSS","NONE"],"potions_obtained_entropic_brew":[[],[],[],[],[],[],[],[],[],[],[],[],[],[],[],[],[],[],[],[],[]],"gold_per_floor":[212,231,250,269,269,269,29,56,134,134,147,178,178,211,211,286,286,297,222,239,239],"floor_reached":21,"playtime":1254,"items_purged":["Strike_G"],"score":398,"play_id":"55d6ac7c-f170-449d-ab19-3ce4abd23277","local_time":"20250114202441","score_breakdown":["Floors Climbed (21): 105","Enemies Slain (7): 14","Exordium Elites Killed (3): 30","City Elites Killed (0): 0","Bosses Slain (1): 50","Ascension (20): 199"],"is_ascension_mode":true,"potions_obtained_alchemize":[[],[],[],[],[],[],[],[],[],[],[],[],[],[],[],[],[],[],[],[],[]],"campfire_choices":[{"floor":6.0,"key":"REST"},{"data":"Die Die Die","floor":10.0,"key":"SMITH"},{"floor":13.0,"key":"REST"},{"data":"Footwork","floor":15.0,"key":"SMITH"}],"lesson_learned_per_floor":[[],[],[],[],[],[],[],[],[],[],[],[],[],[],[],[],[],[],[],[],[]],"neow_cost":"NONE","improvable_cards":{},"seed_source_timestamp":2821387162452900,"shop_contents":[{"floor":7,"relics":["Gambling Chip","Happy Flower"],"cards":["Underhanded Strike","Leg Sweep","Storm of Steel","Well Laid Plans","Impatience","Secret Technique"],"potions":["AttackPotion","EntropicBrew","SkillPotion"]},{"floor":19,"relics":["Molten Egg 2","Pear","TheAbacus"],"cards":["Heel Hook","All Out Attack","Deadly Poison","Dodge and Roll","Infinite Blades","PanicButton","Thinking Ahead"],"potions":["Block Potion","Ancient Potion","Fire Potion"]}],"circlet_count":0,"master_deck":["AscendersBane","Strike_G","Strike_G","Strike_G","Strike_G","Defend_G","Defend_G","Defend_G","Defend_G","Defend_G","Survivor","Neutralize","Dagger Throw","Footwork+1","Poisoned Stab","Bouncing Flask","Predator","Die Die Die+1","Catalyst","Bullet Time","Prepared+1"],"special_seed":0,"potion_use_per_floor":[[],[],[],[],[],[],[],["DistilledChaos"],[],[],[],["Swift Potion"],[],[],[],[],[],[],[],["SteroidPotion"],["BlessingOfTheForge","GamblersBrew"]],"relics":["Ring of the Snake","Lee\u0027s Waffle","The Specimen","Potion Belt","Du-Vu Doll","Black Star"],"potions_floor_usage":[20,21,21],"damage_taken":[{"damage":34.0,"enemies":"Jaw Worm","floor":1.0,"turns":10.0},{"damage":0.0,"enemies":"Small Slimes","floor":2.0,"turns":4.0},{"damage":3.0,"enemies":"2 Louse","floor":3.0,"turns":3.0},{"damage":6.0,"enemies":"Large Slime","floor":4.0,"turns":7.0},{"damage":23.0,"enemies":"3 Sentries","floor":8.0,"turns":8.0},{"damage":6.0,"enemies":"Blue Slaver","floor":11.0,"turns":5.0},{"damage":21.0,"enemies":"Gremlin Nob","floor":12.0,"turns":4.0},{"damage":16.0,"enemies":"Lagavulin","floor":14.0,"turns":5.0},{"damage":4.0,"enemies":"The Guardian","floor":16.0,"turns":9.0},{"damage":27.0,"enemies":"Spheric Guardian","floor":18.0,"turns":6.0},{"damage":17,"enemies":"2 Thieves","floor":20,"turns":3},{"damage":27,"enemies":"Sentry and Sphere","floor":21,"turns":4}],"seed_played":"7702596522911253862","neow_bonus_log":{"cardsObtained":[],"cardsUpgraded":[],"cardsRemoved":[],"cardsTransformed":[],"relicsObtained":[],"maxHpGained":0,"goldGained":100,"damageTaken":0,"goldLost":0,"maxHpLost":0},"potions_obtained":[{"floor":1.0,"key":"Swift Potion"},{"floor":4.0,"key":"DistilledChaos"},{"floor":8.0,"key":"SteroidPotion"},{"floor":16.0,"key":"GamblersBrew"},{"floor":20,"key":"BlessingOfTheForge"}],"is_trial":false,"path_per_floor":["M","M","M","M","?","R","$","E","T","R","M","E","R","E","R","B",null,"M","$","M","M"],"character_chosen":"THE_SILENT","basemod:card_modifiers":[null,null,null,null,null,null,null,null,null,null,null,null,null,null,null,null,null,null,null,null,null],"items_purchased":["Lee\u0027s Waffle","Predator"],"campfire_rested":2,"item_purchase_floors":[7,7],"current_hp_per_floor":[25,25,22,16,5,24,73,50,50,50,44,23,44,28,28,24,61,34,34,17,0],"gold":239,"neow_bonus":"HUNDRED_GOLD","is_prod":false,"is_daily":false,"rewards_skipped":[],"chose_seed":false,"campfire_upgraded":2,"win_rate":0,"floor_exit_playtime":[174,206,247,327,332,335,374,519,541,562,620,712,715,782,800,968,1022,1125,1146,1188],"timestamp":1736904281,"blue_key_relic_skipped_log":{"floor":9,"relicID":"Bottled Lightning"},"path_taken":["M","M","M","M","?","R","$","E","T","R","M","E","R","E","R","BOSS","M","$","M","M"],"build_version":"2022-12-18","purchased_purges":1,"victory":false,"max_hp_per_floor":[66,66,66,66,66,66,73,73,73,73,73,73,73,73,73,73,73,73,73,73,73],"relic_stats":{"Lee\u0027s Waffle":49,"The Specimen":[0],"counters":[12,68],"Black Star":0,"obtain_stats":[{"Potion Belt":12,"Du-Vu Doll":14,"Lee\u0027s Waffle":7,"The Specimen":8,"Black Star":17,"Ring of the Snake":0},{"Potion Belt":7,"Du-Vu Doll":8,"Lee\u0027s Waffle":4,"The Specimen":5,"Black Star":9,"Ring of the Snake":0},{"Potion Belt":41,"Du-Vu Doll":46,"Lee\u0027s Waffle":24,"The Specimen":32,"Black Star":55,"Ring of the Snake":0}],"Ring of the Snake":[24]},"card_choices":[{"not_picked":["PiercingWail","Poisoned Stab"],"picked":"Dagger Throw","floor":1.0},{"not_picked":["Finisher","Distraction"],"picked":"Footwork","floor":2.0},{"not_picked":["Quick Slash","Outmaneuver"],"picked":"Poisoned Stab","floor":3.0},{"not_picked":["Flechettes","Sucker Punch"],"picked":"Bouncing Flask","floor":4.0},{"not_picked":["Caltrops","Noxious Fumes"],"picked":"Die Die Die","floor":8.0},{"not_picked":["Backflip","Predator"],"picked":"Catalyst","floor":11.0},{"not_picked":["Underhanded Strike","Dagger Throw","Skewer"],"picked":"SKIP","floor":12.0},{"not_picked":["Endless Agony","Finisher","Cloak And Dagger"],"picked":"SKIP","floor":14.0},{"not_picked":["Grand Finale","A Thousand Cuts"],"picked":"Bullet Time","floor":16.0},{"not_picked":["Well Laid Plans","Quick Slash"],"picked":"Prepared+1","floor":18.0},{"not_picked":["Cloak And Dagger","Quick Slash","Terror"],"picked":"SKIP","floor":20}],"player_experience":2796637,"relics_obtained":[{"floor":8.0,"key":"The Specimen"},{"floor":12.0,"key":"Potion Belt"},{"floor":14.0,"key":"Du-Vu Doll"}],"event_choices":[{"damage_healed":0.0,"max_hp_gain":0.0,"max_hp_loss":0.0,"gold_gain":0.0,"event_name":"Scrap Ooze","player_choice":"Fled","floor":5.0,"gold_loss":0.0,"damage_taken":11.0}],"is_beta":false,"boss_relics":[{"not_picked":["Empty Cage","Ring of the Serpent"],"picked":"Black Star"}],"items_purged_floors":[19],"is_endless":false,"potions_floor_spawned":[1,4,8,16,20],"killed_by":"Sentry and Sphere","ascension_level":20,"potion_discard_per_floor":[[],[],[],[],[],[],[],[],[],[],[],[],[],[],[],[],[],[],[],[],[]]}