{"neow_bonuses_skipped_log":["TRANSFORM_CARD","TEN_PERCENT_HP_BONUS","TWENTY_PERCENT_HP_BONUS"],"neow_costs_skipped_log":["NONE","NONE","NO_GOLD"],"potions_obtained_entropic_brew":[[],[],[],[],[],[],[],[],[],[],[],[],[],[],[],[],[],[],[],[],[],[],[],[],[],[],[],[],[]],"gold_per_floor":[99,99,99,99,63,63,63,63,63,63,63,43,43,43,43,43,43,43,43,43,43,43,43,43,43,43,43,43,43],"floor_reached":29,"playtime":1516,"items_purged":[],"score":522,"play_id":"83ca22ea-c9fe-439b-8799-81ae77da510d","local_time":"20250227161201","score_breakdown":["Floors Climbed (29): 145","Enemies Slain (8): 16","Exordium Elites Killed (1): 10","City Elites Killed (2): 40","Bosses Slain (1): 50","Ascension (20): 261"],"is_ascension_mode":true,"potions_obtained_alchemize":[[],[],[],[],[],[],[],[],[],[],[],[],[],[],[],[],[],[],[],[],[],[],[],[],[],[],[],[],[]],"campfire_choices":[{"data":"Dagger Spray","floor":6.0,"key":"SMITH"},{"floor":8.0,"key":"REST"},{"data":"Blade Dance","floor":10.0,"key":"SMITH"},{"data":"Acrobatics","floor":13.0,"key":"SMITH"},{"data":"A Thousand Cuts","floor":15,"key":"SMITH"},{"floor":23,"key":"REST"},{"data":"Prepared","floor":25,"key":"SMITH"},{"data":"Adrenaline","floor":28,"key":"SMITH"}],"lesson_learned_per_floor":[[],[],[],[],[],[],[],[],[],[],[],[],[],[],[],[],[],[],[],[],[],[],[],[],[],[],[],[],[]],"neow_cost":"NONE","improvable_cards":{},"seed_source_timestamp":1334454077209800,"shop_contents":[{"floor":5,"relics":["Omamori","Anchor","Frozen Eye"],"cards":["Poisoned Stab","Acrobatics","Blur","Footwork","Jack Of All Trades","Thinking Ahead"],"potions":["Dexterity Potion","FairyPotion","SkillPotion"]}],"circlet_count":0,"master_deck":["AscendersBane","Strike_G","Strike_G","Strike_G","Strike_G","Strike_G","Defend_G","Defend_G","Defend_G","Defend_G","Defend_G","Survivor","Neutralize","Dagger Spray+1","Dagger Spray","Leg Sweep","Acrobatics+1","Dash","Blade Dance+1","A Thousand Cuts+1","Adrenaline+1","CurseOfTheBell","Prepared+1","Blur","After Image","PiercingWail+1"],"special_seed":0,"potion_use_per_floor":[[],[],[],[],[],[],["EssenceOfSteel"],[],[],[],[],[],[],[],[],["SteroidPotion"],[],[],[],["Fire Potion"],[],[],[],["DuplicationPotion"],[],[],[],[],[]],"relics":["Ectoplasm","Toy Ornithopter","Question Card","Calling Bell","Akabeko","Meat on the Bone","Du-Vu Doll","Nilry\u0027s Codex","Bottled Flame","Paper Crane","Frozen Egg 2"],"potions_floor_usage":[16,20,24],"damage_taken":[{"damage":0.0,"enemies":"Cultist","floor":1.0,"turns":5.0},{"damage":0.0,"enemies":"Small Slimes","floor":2.0,"turns":4.0},{"damage":0.0,"enemies":"2 Louse","floor":3.0,"turns":2.0},{"damage":4.0,"enemies":"Large Slime","floor":4.0,"turns":8.0},{"damage":45.0,"enemies":"Lagavulin","floor":7.0,"turns":12.0},{"damage":0.0,"enemies":"Looter","floor":12.0,"turns":2.0},{"damage":4.0,"enemies":"Exordium Thugs","floor":14.0,"turns":5.0},{"damage":2,"enemies":"Slime Boss","floor":16,"turns":6},{"damage":14,"enemies":"Shell Parasite","floor":18,"turns":4},{"damage":5,"enemies":"3 Byrds","floor":20,"turns":4},{"damage":27,"enemies":"Book of Stabbing","floor":24,"turns":5},{"damage":13,"enemies":"Gremlin Leader","floor":27,"turns":5},{"damage":27,"enemies":"Shelled Parasite and Fungi","floor":29,"turns":2}],"seed_played":"7991936454372458497","neow_bonus_log":{"cardsObtained":[],"cardsUpgraded":[],"cardsRemoved":[],"cardsTransformed":[],"relicsObtained":["Ectoplasm"],"maxHpGained":0,"goldGained":0,"damageTaken":0,"goldLost":0,"maxHpLost":0},"potions_obtained":[{"floor":2.0,"key":"Ancient Potion"},{"floor":4.0,"key":"EssenceOfSteel"},{"floor":7.0,"key":"Fire Potion"},{"floor":14.0,"key":"SteroidPotion"},{"floor":20,"key":"DuplicationPotion"}],"is_trial":false,"path_per_floor":["M","M","M","M","$","R","E","R","T","R","?","M","R","M","R","B",null,"M","?","M","?","?","R","E","R","T","E","R","M"],"character_chosen":"THE_SILENT","basemod:card_modifiers":[null,null,null,null,null,null,null,null,null,null,null,null,null,null,null,null,null,null,null,null,null,null,null,null,null,null],"items_purchased":["Dash"],"campfire_rested":2,"item_purchase_floors":[5],"current_hp_per_floor":[59,59,59,55,55,55,10,29,29,29,29,29,29,25,25,28,57,43,22,34,34,16,37,27,27,27,26,26,0],"gold":43,"neow_bonus":"BOSS_RELIC","is_prod":false,"is_daily":false,"rewards_skipped":[],"chose_seed":false,"campfire_upgraded":6,"win_rate":0,"floor_exit_playtime":[62,112,150,232,252,263,380,383,386,397,402,435,441,505,509,585,621,685,698,794,802,805,819,1165,1175,1178,1473,1484],"timestamp":1740690721,"path_taken":["M","M","M","?","?","R","E","R","T","R","?","M","R","M","R","BOSS","M","?","M","?","?","R","E","R","T","E","R","M"],"build_version":"2022-12-18","purchased_purges":0,"victory":false,"max_hp_per_floor":[66,66,66,66,66,66,66,66,66,66,66,66,66,66,66,66,66,66,66,66,66,71,71,71,71,71,71,71,71],"relic_stats":{"Bottled Flame":"Dagger Spray","counters":[13,64],"Nilry\u0027s Codex":[3,2,3,5],"Ectoplasm":372,"Question Card":8,"obtain_stats":[{"Calling Bell":17,"Du-Vu Doll":17,"Bottled Flame":24,"Nilry\u0027s Codex":19,"Ectoplasm":0,"Paper Crane":26,"Frozen Egg 2":27,"Question Card":9,"Toy Ornithopter":7,"Akabeko":17,"Ring of the Snake":0,"Meat on the Bone":17},{"Calling Bell":8,"Du-Vu Doll":8,"Bottled Flame":11,"Nilry\u0027s Codex":9,"Ectoplasm":0,"Paper Crane":11,"Frozen Egg 2":12,"Question Card":5,"Toy Ornithopter":5,"Akabeko":8,"Ring of the Snake":0,"Meat on the Bone":8},{"Calling Bell":44,"Du-Vu Doll":44,"Bottled Flame":57,"Nilry\u0027s Codex":48,"Ectoplasm":0,"Paper Crane":57,"Frozen Egg 2":62,"Question Card":31,"Toy Ornithopter":31,"Akabeko":44,"Ring of the Snake":0,"Meat on the Bone":44}],"Toy Ornithopter":15,"Meat on the Bone":36},"card_choices":[{"not_picked":["Poisoned Stab","Bane"],"picked":"Dagger Spray","floor":1.0},{"not_picked":["Leg Sweep","Reflex"],"picked":"Dagger Spray","floor":2.0},{"not_picked":["Deadly Poison","Bane"],"picked":"Leg Sweep","floor":3.0},{"not_picked":["Deflect","Dagger Spray"],"picked":"Acrobatics","floor":4.0},{"not_picked":["Crippling Poison","Cloak And Dagger"],"picked":"Blade Dance","floor":7.0},{"not_picked":["Sucker Punch","Dagger Throw","Setup","Dagger Spray"],"picked":"SKIP","floor":12.0},{"not_picked":["Blade Dance","Poisoned Stab","Dagger Spray"],"picked":"A Thousand Cuts","floor":14.0},{"not_picked":["Glass Knife","Bullet Time","Storm of Steel"],"picked":"Adrenaline","floor":16},{"not_picked":["Infinite Blades","Leg Sweep","Outmaneuver"],"picked":"Prepared","floor":18},{"not_picked":["Poisoned Stab","Flying Knee","Terror"],"picked":"Blur","floor":20},{"not_picked":["Burst","Deflect","Heel Hook"],"picked":"After Image","floor":24},{"not_picked":["Sucker Punch","Outmaneuver","Bouncing Flask+1"],"picked":"PiercingWail+1","floor":27}],"player_experience":2825399,"relics_obtained":[{"floor":7.0,"key":"Toy Ornithopter"},{"floor":9.0,"key":"Question Card"},{"floor":17,"key":"Akabeko"},{"floor":17,"key":"Meat on the Bone"},{"floor":17,"key":"Du-Vu Doll"},{"floor":19,"key":"Nilry\u0027s Codex"},{"floor":24,"key":"Bottled Flame"},{"floor":26,"key":"Paper Crane"},{"floor":27,"key":"Frozen Egg 2"}],"event_choices":[{"damage_healed":0.0,"max_hp_gain":0.0,"max_hp_loss":0.0,"gold_gain":0.0,"event_name":"Dead Adventurer","player_choice":"Searched \u00270\u0027 times","floor":11.0,"gold_loss":0.0,"damage_taken":0.0},{"damage_healed":0,"gold_gain":0,"player_choice":"Obtained Book","damage_taken":21,"max_hp_gain":0,"max_hp_loss":0,"event_name":"Cursed Tome","floor":19,"gold_loss":0},{"damage_healed":0,"gold_gain":0,"player_choice":"Shed Blood","damage_taken":23,"max_hp_gain":5,"max_hp_loss":0,"event_name":"Forgotten Altar","floor":22,"gold_loss":0}],"is_beta":false,"boss_relics":[{"not_picked":["Empty Cage","Cursed Key"],"picked":"Calling Bell"}],"items_purged_floors":[],"is_endless":false,"potions_floor_spawned":[2,4,7,14,20],"killed_by":"Shelled Parasite and Fungi","ascension_level":20,"potion_discard_per_floor":[[],[],[],[],[],[],[],[],[],[],[],[],[],["Ancient Potion"],[],[],[],[],[],[],[],[],[],[],[],[],[],[],[]]}