{"neow_bonuses_skipped_log":["UPGRADE_CARD","ONE_RARE_RELIC","BOSS_RELIC"],"potions_obtained_entropic_brew":[[],[],[],[],[],[],[],[],[],[],[],[],[],[],[],[],[],[],[],[],[],[],[],[],[],[],[],[],[],[],[],[],[]],"neow_costs_skipped_log":["NONE","PERCENT_DAMAGE","NONE"],"gold_per_floor":[112,130,147,147,157,157,17,45,45,57,85,102,120,137,137,211,211,211,19,0,0,0,0,0,0,0,0,0,0,0,0,0,0],"floor_reached":33,"playtime":2764,"items_purged":[],"score":627,"play_id":"4e932c66-d754-42dc-bd6f-c1b723a02364","local_time":"20250508105532","score_breakdown":["Floors Climbed (33): 165","Enemies Slain (13): 26","Exordium Elites Killed (2): 20","City Elites Killed (2): 40","Bosses Slain (1): 50","Collector (1): 25","Ascension (20): 301"],"is_ascension_mode":true,"potions_obtained_alchemize":[[],[],[],[],[],[],[],[],[],[],[],[],[],[],[],[],[],[],[],[],[],[],[],[],[],[],[],[],[],[],[],[],[]],"campfire_choices":[{"floor":6,"key":"REST"},{"data":"Well Laid Plans","floor":15,"key":"SMITH"},{"data":"Wraith Form v2","floor":23,"key":"SMITH"},{"data":"Doppelganger","floor":29,"key":"SMITH"},{"data":"Burst","floor":32,"key":"SMITH"}],"lesson_learned_per_floor":[[],[],[],[],[],[],[],[],[],[],[],[],[],[],[],[],[],[],[],[],[],[],[],[],[],[],[],[],[],[],[],[],[]],"neow_cost":"NONE","improvable_cards":{},"seed_source_timestamp":689147332355400,"shop_contents":[{"floor":7,"relics":["Whetstone","Lantern","OrangePellets"],"cards":["Dagger Spray","Glass Knife","Well Laid Plans","Purity","Chrysalis"],"potions":["GamblersBrew","GamblersBrew","Swift Potion"]},{"floor":19,"relics":["Nunchaku","Cauldron"],"cards":["Die Die Die","Dagger Spray","Outmaneuver","Tools of the Trade","Mind Blast","Thinking Ahead"],"potions":["Weak Potion","LiquidBronze","Energy Potion"]}],"circlet_count":0,"master_deck":["AscendersBane","Defend_G","Defend_G","Defend_G","Defend_G","Defend_G","Survivor","Neutralize","Sucker Punch","Leg Sweep","Well Laid Plans+1","Burst+1","Blade Dance","Phantasmal Killer","Masterful Stab","Acrobatics","Underhanded Strike","Footwork","Wraith Form v2+1","Reflex","Acrobatics","Footwork","Flechettes","Doppelganger+1","Backflip","Blade Dance","Bite","Bite","Bite","Bite","Bite"],"potion_use_per_floor":[[],[],[],[],["Regen Potion"],[],[],[],[],[],[],[],[],[],[],["SkillPotion"],[],[],[],[],[],[],[],["PowerPotion"],[],[],[],[],[],[],["GamblersBrew","GhostInAJar"],[],["SpeedPotion"]],"relics":["Ring of the Snake","Boot","Blue Candle","Meat on the Bone","Matryoshka","Ectoplasm","Bag of Preparation","Old Coin","Red Mask","Darkstone Periapt","MealTicket","Juzu Bracelet"],"potions_floor_usage":[5,16,24,31,31,33],"damage_taken":[{"damage":0,"enemies":"Cultist","floor":1,"turns":4},{"damage":1,"enemies":"Jaw Worm","floor":2,"turns":4},{"damage":0,"enemies":"2 Louse","floor":3,"turns":3},{"damage":19,"enemies":"Large Slime","floor":5,"turns":12},{"damage":20,"enemies":"Lagavulin","floor":8,"turns":7},{"damage":0,"enemies":"2 Fungi Beasts","floor":10,"turns":2},{"damage":12,"enemies":"3 Sentries","floor":11,"turns":6},{"damage":3,"enemies":"Looter","floor":12,"turns":3},{"damage":4,"enemies":"Exordium Wildlife","floor":13,"turns":4},{"damage":5,"enemies":"3 Louse","floor":14,"turns":3},{"damage":36,"enemies":"Slime Boss","floor":16,"turns":7},{"damage":11,"enemies":"Spheric Guardian","floor":18,"turns":5},{"damage":14,"enemies":"2 Thieves","floor":20,"turns":4},{"damage":0,"enemies":"Snecko","floor":21,"turns":6},{"damage":23,"enemies":"Slavers","floor":24,"turns":7},{"damage":30,"enemies":"Masked Bandits","floor":25,"turns":5},{"damage":7,"enemies":"Centurion and Healer","floor":27,"turns":8},{"damage":22,"enemies":"Cultist and Chosen","floor":30,"turns":6},{"damage":5,"enemies":"Gremlin Leader","floor":31,"turns":8},{"damage":57,"enemies":"Collector","floor":33,"turns":11}],"seed_played":"8022864607936965008","neow_bonus_log":{"cardsObtained":[],"cardsUpgraded":[],"cardsRemoved":[],"cardsTransformed":[],"relicsObtained":["Boot"],"maxHpGained":0,"goldGained":0,"damageTaken":0,"goldLost":0,"maxHpLost":0},"potions_obtained":[{"floor":3,"key":"Regen Potion"},{"floor":5,"key":"GhostInAJar"},{"floor":11,"key":"SkillPotion"},{"floor":16,"key":"PowerPotion"},{"floor":25,"key":"GamblersBrew"},{"floor":31,"key":"SpeedPotion"}],"is_trial":false,"path_per_floor":["M","M","M","?","M","R","$","E","T","M","E","M","M","M","R","B",null,"M","$","M","M","?","R","E","?","T","M","?","R","M","E","R","B"],"character_chosen":"THE_SILENT","basemod:card_modifiers":[null,null,null,null,null,null,null,null,null,null,null,null,null,null,null,null,null,null,null,null,null,null,null,null,null,null,null,null,null,null,null],"items_purchased":["Burst","Blade Dance","Bag of Preparation","Acrobatics"],"campfire_rested":1,"item_purchase_floors":[7,7,19,19],"current_hp_per_floor":[59,58,58,38,34,53,53,33,33,45,45,42,38,45,45,21,55,44,44,42,42,42,42,31,13,13,18,18,18,20,33,33,0],"gold":0,"neow_bonus":"RANDOM_COMMON_RELIC","is_prod":false,"is_daily":false,"rewards_skipped":[{"floor":12,"relics":[],"potions":["LiquidBronze"]},{"floor":20,"relics":[],"potions":["GamblersBrew"]},{"floor":30,"relics":[],"potions":["Dexterity Potion"]}],"chose_seed":false,"campfire_upgraded":4,"win_rate":0,"floor_exit_playtime":[84,117,153,156,297,307,333,430,432,478,601,657,725,770,801,1004,1027,1111,1133,1253,1378,1393,1400,1608,1762,1766,1926,1934,1952,2082,2321,2337],"timestamp":1746716132,"path_taken":["M","?","M","?","M","R","$","E","T","M","E","M","M","M","R","BOSS","M","$","M","M","?","R","E","?","T","M","?","R","M","E","R","BOSS"],"build_version":"2022-12-18","purchased_purges":0,"victory":false,"max_hp_per_floor":[66,66,66,66,66,66,66,66,66,66,66,66,66,66,66,66,66,66,66,66,66,66,66,66,66,66,66,46,46,46,46,46,46],"relic_stats":{"Darkstone Periapt":0,"Matryoshka":1,"counters":[20,115],"Blue Candle":[0],"MealTicket":0,"Ectoplasm":494,"Bag of Preparation":[16],"Juzu Bracelet":0,"Boot":[178],"obtain_stats":[{"Darkstone Periapt":26,"Matryoshka":11,"Blue Candle":8,"MealTicket":26,"Ectoplasm":17,"Bag of Preparation":19,"Red Mask":25,"Juzu Bracelet":31,"Boot":0,"Ring of the Snake":0,"Meat on the Bone":9,"Old Coin":24},{"Darkstone Periapt":16,"Matryoshka":7,"Blue Candle":5,"MealTicket":16,"Ectoplasm":11,"Bag of Preparation":12,"Red Mask":16,"Juzu Bracelet":19,"Boot":0,"Ring of the Snake":0,"Meat on the Bone":5,"Old Coin":15},{"Darkstone Periapt":82,"Matryoshka":38,"Blue Candle":30,"MealTicket":82,"Ectoplasm":55,"Bag of Preparation":60,"Red Mask":82,"Juzu Bracelet":104,"Boot":0,"Ring of the Snake":0,"Meat on the Bone":30,"Old Coin":77}],"Ring of the Snake":[40],"Meat on the Bone":108},"card_choices":[{"not_picked":["PiercingWail","Prepared"],"picked":"Sucker Punch","floor":1},{"not_picked":["Infinite Blades","Dodge and Roll"],"picked":"Leg Sweep","floor":2},{"not_picked":["Prepared","Distraction","Dodge and Roll"],"picked":"SKIP","floor":3},{"not_picked":["Slice","Dodge and Roll"],"picked":"Well Laid Plans","floor":5},{"not_picked":["Dodge and Roll","Riddle With Holes"],"picked":"Phantasmal Killer","floor":8},{"not_picked":["Quick Slash","Heel Hook"],"picked":"Masterful Stab","floor":10},{"not_picked":["Infinite Blades","Deadly Poison"],"picked":"Acrobatics","floor":11},{"not_picked":["Well Laid Plans","Outmaneuver"],"picked":"Underhanded Strike","floor":12},{"not_picked":["Deadly Poison","Underhanded Strike","Dagger Throw"],"picked":"SKIP","floor":13},{"not_picked":["Finisher","Dash"],"picked":"Footwork","floor":14},{"not_picked":["Night Terror","Burst"],"picked":"Wraith Form v2","floor":16},{"not_picked":["Deflect","Dodge and Roll"],"picked":"Reflex","floor":18},{"not_picked":["Dash","Flying Knee"],"picked":"Footwork","floor":20},{"not_picked":["Quick Slash+1","Cloak And Dagger","Dodge and Roll"],"picked":"SKIP","floor":21},{"not_picked":["Finisher","Flying Knee"],"picked":"Backflip","floor":24},{"not_picked":["All Out Attack","Backflip","Dagger Throw+1"],"picked":"SKIP","floor":25},{"not_picked":["Sucker Punch","Skewer"],"picked":"Blade Dance","floor":27},{"not_picked":["Dagger Throw+1","Setup","Distraction"],"picked":"SKIP","floor":30},{"not_picked":["Dagger Throw+1","Setup","Distraction"],"picked":"SKIP","floor":30},{"not_picked":["Flying Knee+1","Poisoned Stab+1","Dodge and Roll"],"picked":"SKIP","floor":31}],"player_experience":2826915,"relics_obtained":[{"floor":8,"key":"Blue Candle"},{"floor":9,"key":"Meat on the Bone"},{"floor":11,"key":"Matryoshka"},{"floor":24,"key":"Old Coin"},{"floor":25,"key":"Red Mask"},{"floor":26,"key":"Darkstone Periapt"},{"floor":26,"key":"MealTicket"},{"floor":31,"key":"Juzu Bracelet"}],"event_choices":[{"damage_healed":0,"gold_gain":0,"player_choice":"Entered Light","damage_taken":20,"max_hp_gain":0,"max_hp_loss":0,"event_name":"Shining Light","floor":4,"gold_loss":0,"cards_upgraded":["Strike_G","Strike_G"]},{"damage_healed":0,"gold_gain":0,"cards_transformed":["Strike_G","Strike_G"],"player_choice":"Became Test Subject","damage_taken":0,"max_hp_gain":0,"max_hp_loss":0,"event_name":"Drug Dealer","floor":22,"gold_loss":0,"cards_obtained":["Flechettes","Doppelganger"]},{"damage_healed":0,"gold_gain":0,"player_choice":"Fought Bandits","damage_taken":0,"max_hp_gain":0,"max_hp_loss":0,"event_name":"Masked Bandits","floor":25,"gold_loss":0},{"damage_healed":0,"gold_gain":0,"player_choice":"Became a vampire","damage_taken":0,"max_hp_gain":0,"max_hp_loss":20,"event_name":"Vampires","floor":28,"gold_loss":0,"cards_obtained":["Bite","Bite","Bite","Bite","Bite"]}],"is_beta":false,"boss_relics":[{"not_picked":["Tiny House","Empty Cage"],"picked":"Ectoplasm"}],"items_purged_floors":[],"is_endless":false,"potions_floor_spawned":[3,5,11,12,16,20,25,30,31],"killed_by":"Collector","ascension_level":20,"potion_discard_per_floor":[[],[],[],[],[],[],[],[],[],[],[],[],[],[],[],[],[],[],[],[],[],[],[],[],[],[],[],[],[],[],[],[],[]]}