{"neow_bonuses_skipped_log":["REMOVE_CARD","TEN_PERCENT_HP_BONUS","BOSS_RELIC"],"potions_obtained_entropic_brew":[[],[],[],[],[],[],[],[],[],[],[],[],[],[],[],[],[],[],[],[],[],[],[],[],[],[],[],[],[],[],[],[],[],[],[],[],[],[],[],[]],"neow_costs_skipped_log":["NONE","NONE","NONE"],"gold_per_floor":[109,159,177,195,215,215,234,234,234,259,259,285,299,299,299,377,377,392,97,111,111,129,160,160,194,194,194,221,236,236,248,248,320,320,331,331,341,14,30,30],"floor_reached":40,"playtime":2059,"items_purged":["Strike_G"],"score":916,"play_id":"24c2e120-d871-477c-b0d9-d32cb184a23e","local_time":"20250508113101","score_breakdown":["Floors Climbed (40): 200","Enemies Slain (14): 28","Exordium Elites Killed (2): 20","City Elites Killed (3): 60","Beyond Elites Killed (0): 0","Bosses Slain (2): 150","Ascension (20): 458"],"is_ascension_mode":true,"potions_obtained_alchemize":[[],[],[],[],[],[],[],[],[],[],[],[],[],[],[],[],[],[],[],[],[],[],["Fire Potion"],[],["Dexterity Potion"],[],[],["Dexterity Potion"],["CultistPotion"],[],["Poison Potion"],[],["FearPotion"],[],["PowerPotion"],[],["Strength Potion"],[],["Ancient Potion"],["Poison Potion"]],"campfire_choices":[{"data":"Terror","floor":6,"key":"SMITH"},{"data":"Poisoned Stab","floor":8,"key":"SMITH"},{"data":"Backstab","floor":11,"key":"SMITH"},{"data":"Acrobatics","floor":15,"key":"SMITH"},{"data":"Venomology","floor":24,"key":"SMITH"},{"floor":27,"key":"REST"},{"floor":32,"key":"REST"}],"lesson_learned_per_floor":[[],[],[],[],[],[],[],[],[],[],[],[],[],[],[],[],[],[],[],[],[],[],[],[],[],[],[],[],[],[],[],[],[],[],[],[],[],[],[],[]],"neow_cost":"TEN_PERCENT_HP_LOSS","improvable_cards":{},"seed_source_timestamp":691980176721200,"shop_contents":[{"floor":19,"relics":["Vajra","PrismaticShard"],"cards":["Dagger Spray","Quick Slash","Escape Plan","Acrobatics","Caltrops","Jack Of All Trades","Thinking Ahead"],"potions":["AttackPotion","Weak Potion"]},{"floor":38,"relics":["StrikeDummy","Cauldron"],"cards":["Dagger Throw","Poisoned Stab","Deadly Poison","Deflect","Flash of Steel","Secret Technique"],"potions":["EssenceOfSteel","SkillPotion","Swift Potion"]}],"circlet_count":0,"master_deck":["AscendersBane","Strike_G","Strike_G","Defend_G","Defend_G","Defend_G","Defend_G","Survivor","Neutralize","Poisoned Stab","Flechettes","Poisoned Stab+1","Terror+1","Backstab+1","Acrobatics+1","PiercingWail","Blade Dance","Venomology+1","Escape Plan","Bouncing Flask","Well Laid Plans","Calculated Gamble","Tactician","Prepared+1","Tools of the Trade","Catalyst+1","Acrobatics+1","Footwork","Blade Dance"],"potion_use_per_floor":[[],[],[],[],["Swift Potion"],[],[],[],[],[],[],["CunningPotion"],[],[],[],["LiquidMemories"],[],[],[],[],[],["Fire Potion"],["DuplicationPotion"],[],["Fire Potion"],[],[],[],["AttackPotion"],[],["GamblersBrew"],[],["CultistPotion","SpeedPotion"],[],["FearPotion"],[],["DistilledChaos"],[],["PowerPotion"],["Poison Potion"]],"relics":["Ring of the Snake","Anchor","Bronze Scales","Mummified Hand","HornCleat","HoveringKite","Lantern","Regal Pillow","Art of War","Eternal Feather","Runic Pyramid","Sundial","Kunai"],"potions_floor_usage":[5,12,16,22,23,25,29,31,33,33,35,37,39,40],"damage_taken":[{"damage":1,"enemies":"Cultist","floor":1,"turns":3},{"damage":0,"enemies":"Small Slimes","floor":3,"turns":2},{"damage":0,"enemies":"2 Louse","floor":4,"turns":3},{"damage":2,"enemies":"Red Slaver","floor":5,"turns":3},{"damage":1,"enemies":"Blue Slaver","floor":7,"turns":2},{"damage":8,"enemies":"Gremlin Nob","floor":10,"turns":3},{"damage":10,"enemies":"Lagavulin","floor":12,"turns":4},{"damage":0,"enemies":"Looter","floor":13,"turns":3},{"damage":23,"enemies":"Hexaghost","floor":16,"turns":8},{"damage":0,"enemies":"3 Byrds","floor":18,"turns":3},{"damage":0,"enemies":"Spheric Guardian","floor":20,"turns":3},{"damage":0,"enemies":"Chosen and Byrds","floor":22,"turns":3},{"damage":10,"enemies":"Book of Stabbing","floor":23,"turns":4},{"damage":23,"enemies":"Slavers","floor":25,"turns":6},{"damage":29,"enemies":"Book of Stabbing","floor":28,"turns":4},{"damage":17,"enemies":"Snecko","floor":29,"turns":5},{"damage":0,"enemies":"Snake Plant","floor":31,"turns":2},{"damage":29,"enemies":"Automaton","floor":33,"turns":8},{"damage":2,"enemies":"Orb Walker","floor":35,"turns":3},{"damage":29,"enemies":"3 Darklings","floor":37,"turns":4},{"damage":15,"enemies":"Jaw Worm Horde","floor":39,"turns":5},{"damage":7,"enemies":"Reptomancer","floor":40,"turns":2}],"seed_played":"5839980012342386930","neow_bonus_log":{"cardsObtained":["Poisoned Stab","Flechettes"],"cardsUpgraded":[],"cardsRemoved":[],"cardsTransformed":["Defend_G","Strike_G"],"relicsObtained":[],"maxHpGained":0,"goldGained":0,"damageTaken":0,"goldLost":0,"maxHpLost":6},"potions_obtained":[{"floor":4,"key":"Swift Potion"},{"floor":5,"key":"CunningPotion"},{"floor":10,"key":"LiquidMemories"},{"floor":12,"key":"DuplicationPotion"},{"floor":28,"key":"AttackPotion"},{"floor":29,"key":"GamblersBrew"},{"floor":31,"key":"SpeedPotion"},{"floor":33,"key":"Weak Potion"},{"floor":35,"key":"DistilledChaos"},{"floor":37,"key":"SteroidPotion"}],"is_trial":false,"path_per_floor":["M","?","M","M","M","R","M","R","T","E","R","E","M","T","R","B",null,"M","$","M","?","M","E","R","E","T","R","E","M","?","M","R","B",null,"M","T","M","$","M","E"],"character_chosen":"THE_SILENT","basemod:card_modifiers":[null,null,null,null,null,null,null,null,null,null,null,null,null,null,null,null,null,null,null,null,null,null,null,null,null,null,null,null,null],"items_purchased":["Lantern","Fire Potion","Kunai","Footwork"],"campfire_rested":2,"item_purchase_floors":[19,19,38,38],"current_hp_per_floor":[58,52,52,52,50,50,49,49,49,41,41,31,31,31,31,8,47,47,47,47,47,47,37,37,14,14,47,18,1,1,1,46,17,49,47,47,18,18,3,0],"gold":30,"neow_bonus":"TRANSFORM_TWO_CARDS","is_prod":false,"is_daily":false,"rewards_skipped":[{"floor":13,"relics":[],"potions":["GamblersBrew"]}],"chose_seed":false,"campfire_upgraded":5,"win_rate":0,"floor_exit_playtime":[62,66,94,135,193,199,223,233,236,273,280,350,388,390,397,512,554,611,645,709,727,806,898,941,1075,1078,1082,1155,1251,1256,1334,1339,1571,1592,1662,1664,1784,1801,1981],"timestamp":1746718261,"blue_key_relic_skipped_log":{"floor":26,"relicID":"Blue Candle"},"path_taken":["M","?","M","M","?","R","M","R","T","E","R","E","M","?","R","BOSS","M","$","M","?","M","E","R","E","T","R","E","M","?","M","R","BOSS","M","?","M","$","M","E"],"build_version":"2022-12-18","purchased_purges":1,"victory":false,"max_hp_per_floor":[60,60,60,60,60,60,60,60,60,60,60,60,60,60,60,60,60,60,60,60,60,60,60,60,60,60,60,60,60,60,60,60,60,60,60,60,60,60,60,60],"relic_stats":{"Regal Pillow":30,"counters":[22,83],"Mummified Hand":[14],"Sundial":[2],"Bronze Scales":[264],"HoveringKite":[25],"Eternal Feather":12,"Art of War":[1],"Kunai":[7],"obtain_stats":[{"Lantern":19,"Regal Pillow":23,"HoveringKite":17,"Eternal Feather":28,"Anchor":9,"HornCleat":14,"Mummified Hand":12,"Sundial":36,"Bronze Scales":10,"Art of War":25,"Kunai":38,"Ring of the Snake":0,"Runic Pyramid":34},{"Lantern":10,"Regal Pillow":13,"HoveringKite":9,"Eternal Feather":15,"Anchor":5,"HornCleat":8,"Mummified Hand":7,"Sundial":19,"Bronze Scales":6,"Art of War":14,"Kunai":20,"Ring of the Snake":0,"Runic Pyramid":18},{"Lantern":34,"Regal Pillow":44,"HoveringKite":31,"Eternal Feather":54,"Anchor":13,"HornCleat":23,"Mummified Hand":20,"Sundial":72,"Bronze Scales":16,"Art of War":50,"Kunai":76,"Ring of the Snake":0,"Runic Pyramid":69}],"Ring of the Snake":[44]},"card_choices":[{"not_picked":["Sucker Punch","Backflip"],"picked":"Poisoned Stab","floor":1},{"not_picked":["Outmaneuver","Poisoned Stab","Distraction"],"picked":"SKIP","floor":3},{"not_picked":["Dagger Throw","Poisoned Stab"],"picked":"Terror","floor":4},{"not_picked":["Blur","Masterful Stab"],"picked":"Backstab","floor":5},{"not_picked":["Outmaneuver","Sucker Punch","Slice"],"picked":"SKIP","floor":7},{"not_picked":["Outmaneuver","Burst"],"picked":"Acrobatics","floor":10},{"not_picked":["Backstab","Acrobatics"],"picked":"PiercingWail","floor":12},{"not_picked":["Backstab","PiercingWail"],"picked":"Blade Dance","floor":13},{"not_picked":["Burst","Night Terror"],"picked":"Venomology","floor":16},{"not_picked":["Flying Knee","Dodge and Roll"],"picked":"Escape Plan","floor":18},{"not_picked":["Dagger Spray","Slice+1"],"picked":"Bouncing Flask","floor":20},{"not_picked":["Endless Agony","Dagger Throw","Deflect","Caltrops","Outmaneuver","All Out Attack","Dash","Tactician","Blade Dance","Heel Hook","Bane","Backflip","PiercingWail","Flying Knee","Quick Slash","Dodge and Roll","Prepared","Dagger Spray","Slice"],"picked":"Well Laid Plans","floor":21},{"not_picked":["Bane","Endless Agony","Outmaneuver"],"picked":"SKIP","floor":22},{"not_picked":["Blur","Flying Knee","Choke+1"],"picked":"SKIP","floor":23},{"not_picked":["Masterful Stab","Poisoned Stab"],"picked":"Calculated Gamble","floor":25},{"not_picked":["Deflect","Quick Slash","All Out Attack"],"picked":"SKIP","floor":28},{"not_picked":["Sucker Punch","Blade Dance"],"picked":"Tactician","floor":29},{"not_picked":["Slice+1","Dodge and Roll+1"],"picked":"Prepared+1","floor":31},{"not_picked":["Venomology","Phantasmal Killer"],"picked":"Tools of the Trade","floor":33},{"not_picked":["Quick Slash+1","Riddle With Holes+1"],"picked":"Catalyst+1","floor":35},{"not_picked":["Leg Sweep","Deadly Poison"],"picked":"Acrobatics+1","floor":37},{"not_picked":["Setup","Concentrate"],"picked":"Blade Dance","floor":39}],"player_experience":2829679,"relics_obtained":[{"floor":9,"key":"Anchor"},{"floor":10,"key":"Bronze Scales"},{"floor":12,"key":"Mummified Hand"},{"floor":14,"key":"HornCleat"},{"floor":23,"key":"Regal Pillow"},{"floor":25,"key":"Art of War"},{"floor":28,"key":"Eternal Feather"},{"floor":36,"key":"Sundial"}],"event_choices":[{"damage_healed":0,"gold_gain":50,"player_choice":"Touch","damage_taken":6,"max_hp_gain":0,"max_hp_loss":0,"event_name":"FaceTrader","floor":2,"gold_loss":0},{"damage_healed":0,"gold_gain":0,"player_choice":"Read","damage_taken":0,"max_hp_gain":0,"max_hp_loss":0,"event_name":"The Library","floor":21,"gold_loss":0,"cards_obtained":["Well Laid Plans"]},{"cards_removed":["Strike_G"],"damage_healed":0,"gold_gain":0,"player_choice":"Purged","damage_taken":0,"max_hp_gain":0,"max_hp_loss":0,"event_name":"Purifier","floor":30,"gold_loss":0}],"is_beta":false,"boss_relics":[{"not_picked":["Busted Crown","Sozu"],"picked":"HoveringKite"},{"not_picked":["Runic Dome","SlaversCollar"],"picked":"Runic Pyramid"}],"items_purged_floors":[19],"is_endless":false,"potions_floor_spawned":[4,5,10,12,13,28,29,31,33,35,37],"killed_by":"Reptomancer","ascension_level":20,"potion_discard_per_floor":[[],[],[],[],[],[],[],[],[],[],[],[],[],[],[],[],[],[],[],[],[],[],[],[],[],[],[],["Dexterity Potion"],["Dexterity Potion"],[],["Poison Potion"],[],[],[],["Weak Potion"],[],["Strength Potion"],[],["SteroidPotion"],[]]}