{"neow_bonuses_skipped_log":["RANDOM_COLORLESS","HUNDRED_GOLD","BOSS_RELIC"],"potions_obtained_entropic_brew":[[],[],[],[],[],[],[],[],[],[],[],[],[],[],[],[],[],[],[],[],[],[],[],[],[],[],[],[],[],["Dexterity Potion","ColorlessPotion"],[],[],[],[],[],[],[],[],[],[],[],[],[],[],[],[],[],["FearPotion"],[],[],[],[],[],[],[],[],[]],"neow_costs_skipped_log":["NONE","NONE","NONE"],"gold_per_floor":[363,438,448,6,23,57,57,87,135,135,154,154,165,165,165,239,239,251,521,573,473,492,492,49,82,109,109,134,134,165,178,178,249,249,262,262,262,262,275,275,303,314,339,175,192,211,211,240,240,240,240,240,240,17,45,45],"floor_reached":57,"playtime":5674,"items_purged":["Defend_G","Strike_G","Strike_G"],"score":3027,"play_id":"3779430f-bbea-4593-ba68-dfc16427f429","local_time":"20250519122026","score_breakdown":["Floors Climbed (57): 285","Enemies Slain (13): 26","Exordium Elites Killed (2): 20","City Elites Killed (3): 60","Beyond Elites Killed (2): 60","Bosses Slain (5): 750","Money Money (1318): 25","Champion (4): 100","Perfect (1): 50","Overkill: 25","Ascension (20): 1376","Heartbreaker: 250"],"is_ascension_mode":true,"potions_obtained_alchemize":[[],[],[],[],[],[],[],[],[],[],[],[],[],[],[],[],[],["LiquidMemories"],[],[],[],["Energy Potion"],[],[],["Swift Potion"],[],[],["DuplicationPotion","EntropicBrew"],[],["Block Potion","EssenceOfSteel"],["DistilledChaos"],[],["PowerPotion"],[],[],[],[],[],[],[],["SmokeBomb","Strength Potion","SpeedPotion"],[],[],[],["Energy Potion"],[],[],["EntropicBrew","Block Potion"],[],["SteroidPotion","PowerPotion"],["SkillPotion"],[],[],[],["Regen Potion","SkillPotion","Swift Potion"],["Poison Potion","Weak Potion","AttackPotion"],[]],"campfire_choices":[{"floor":7.0,"key":"REST"},{"floor":12.0,"key":"REST"},{"data":"Calculated Gamble","floor":15.0,"key":"SMITH"},{"floor":23.0,"key":"REST"},{"floor":27.0,"key":"REST"},{"data":"Prepared","floor":29.0,"key":"SMITH"},{"floor":32,"key":"REST"},{"data":"Doppelganger","floor":40,"key":"SMITH"},{"floor":49,"key":"RECALL"},{"data":"Noxious Fumes","floor":53,"key":"SMITH"}],"lesson_learned_per_floor":[[],[],[],[],[],[],[],[],[],[],[],[],[],[],[],[],[],[],[],[],[],[],[],[],[],[],[],[],[],[],[],[],[],[],[],[],[],[],[],[],[],[],[],[],[],[],[],[],[],[],[],[],[],[],[],[],[]],"neow_cost":"PERCENT_DAMAGE","improvable_cards":{},"seed_source_timestamp":367090377560300,"shop_contents":[{"floor":4,"relics":["Shuriken","Lantern"],"cards":["Poisoned Stab","Predator","Catalyst","PiercingWail","Envenom","Flash of Steel"],"potions":["EssenceOfSteel","FearPotion","Strength Potion"]},{"floor":21,"relics":["Calipers","Dream Catcher","Frozen Eye"],"cards":["Choke","Slice","Terror","Cloak And Dagger","Footwork","Forethought","Metamorphosis"],"potions":["SteroidPotion","Energy Potion","CultistPotion"]},{"floor":24,"relics":["Matryoshka"],"cards":["Dagger Throw","Masterful Stab","Setup","Bouncing Flask","Caltrops","Deep Breath","The Bomb"],"potions":["EssenceOfSteel","ColorlessPotion","SpeedPotion"]},{"floor":37,"relics":["Bird Faced Urn","Strawberry","Chemical X"],"cards":["Slice","Predator","Setup","Blur","After Image","Dark Shackles","Transmutation"],"potions":["LiquidBronze","DuplicationPotion","PowerPotion"]},{"floor":44,"relics":["Juzu Bracelet","PreservedInsect"],"cards":["Choke","Finisher","Crippling Poison","Outmaneuver","Well Laid Plans","Enlightenment","Sadistic Nature"],"potions":["Strength Potion","AttackPotion","BlessingOfTheForge"]},{"floor":47,"relics":["Mercury Hourglass","Toxic Egg 2","Sling"],"cards":["Quick Slash","Poisoned Stab","Dodge and Roll","Prepared","Caltrops","Discovery","Master of Strategy"],"potions":["Weak Potion","Swift Potion","Block Potion"]},{"floor":54,"relics":["Happy Flower","Unceasing Top"],"cards":["Bane","Grand Finale","Cloak And Dagger","Venomology","Well Laid Plans","Finesse","Master of Strategy"],"potions":["Strength Potion","Strength Potion"]}],"circlet_count":0,"master_deck":["AscendersBane","Survivor","Neutralize","Crippling Poison","Backflip","Apotheosis+1","Dagger Throw","Glass Knife","Noxious Fumes+1","Calculated Gamble+1","Poisoned Stab","Venomology","PiercingWail+1","Calculated Gamble+1","Prepared+1","Venomology","Reflex","Catalyst","Corpse Explosion","Crippling Poison","Doppelganger+1","Venomology","Crippling Poison","Concentrate","Dagger Spray","Distraction","PiercingWail+1","Good Instincts","Finesse","Backflip"],"special_seed":0,"potion_use_per_floor":[[],[],[],[],[],[],[],["Fire Potion"],[],[],[],[],[],[],[],["PowerPotion"],[],["Swift Potion"],[],[],[],["LiquidMemories"],[],[],["Energy Potion"],[],[],["PowerPotion","DuplicationPotion"],[],["DuplicationPotion","EntropicBrew","ColorlessPotion","Dexterity Potion"],["EssenceOfSteel"],[],["DistilledChaos"],[],[],[],[],[],[],[],["Block Potion"],["SpeedPotion"],[],[],[],[],[],["Energy Potion","EntropicBrew","FearPotion"],[],["Block Potion","SteroidPotion"],["PowerPotion","SkillPotion"],[],[],[],["BlessingOfTheForge","Regen Potion","SkillPotion"],["PowerPotion","Swift Potion","Poison Potion"],[]],"relics":["Ring of the Snake","TwistedFunnel","Gremlin Horn","Tiny Chest","Bronze Scales","Runic Pyramid","Snake Skull","Orrery","Oddly Smooth Stone","Paper Crane","Akabeko","Pantograph","Girya","Pandora\u0027s Box","Letter Opener","Anchor","OrangePellets","Question Card","Toolbox","Vajra"],"potions_floor_usage":[30,30,30,30,31,33,41,42,48,48,48,50,50,51,51,55,55,55,56,56,56],"damage_taken":[{"damage":0.0,"enemies":"2 Louse","floor":1.0,"turns":4.0},{"damage":7.0,"enemies":"Small Slimes","floor":3.0,"turns":6.0},{"damage":1.0,"enemies":"Jaw Worm","floor":5.0,"turns":3.0},{"damage":13.0,"enemies":"Gremlin Nob","floor":6.0,"turns":4.0},{"damage":12.0,"enemies":"Lagavulin","floor":8.0,"turns":5.0},{"damage":11.0,"enemies":"Gremlin Gang","floor":11.0,"turns":2.0},{"damage":0.0,"enemies":"Large Slime","floor":13.0,"turns":5.0},{"damage":0.0,"enemies":"Hexaghost","floor":16.0,"turns":7.0},{"damage":0.0,"enemies":"3 Byrds","floor":18.0,"turns":2.0},{"damage":1.0,"enemies":"Shell Parasite","floor":22.0,"turns":5.0},{"damage":4.0,"enemies":"Slavers","floor":25.0,"turns":4.0},{"damage":18.0,"enemies":"Book of Stabbing","floor":28.0,"turns":5.0},{"damage":0,"enemies":"Slavers","floor":30,"turns":4},{"damage":0,"enemies":"Cultist and Chosen","floor":31,"turns":4},{"damage":14,"enemies":"Collector","floor":33,"turns":6},{"damage":2,"enemies":"3 Darklings","floor":35,"turns":2},{"damage":0,"enemies":"Orb Walker","floor":39,"turns":3},{"damage":0,"enemies":"Nemesis","floor":41,"turns":5},{"damage":0,"enemies":"3 Darklings","floor":42,"turns":2},{"damage":0,"enemies":"4 Shapes","floor":45,"turns":3},{"damage":1,"enemies":"Transient","floor":46,"turns":6},{"damage":0,"enemies":"Giant Head","floor":48,"turns":5},{"damage":32,"enemies":"Time Eater","floor":50,"turns":7},{"damage":4,"enemies":"Donu and Deca","floor":51,"turns":4},{"damage":0,"enemies":"Shield and Spear","floor":55,"turns":5},{"damage":49,"enemies":"The Heart","floor":56,"turns":7}],"green_key_taken_log":41,"seed_played":"-7525301305336030251","neow_bonus_log":{"cardsObtained":[],"cardsUpgraded":[],"cardsRemoved":[],"cardsTransformed":[],"relicsObtained":[],"maxHpGained":0,"goldGained":250,"damageTaken":15,"goldLost":0,"maxHpLost":0},"potions_obtained":[{"floor":1.0,"key":"Fire Potion"},{"floor":5.0,"key":"PowerPotion"},{"floor":8.0,"key":"PowerPotion"},{"floor":16.0,"key":"Swift Potion"},{"floor":25.0,"key":"DuplicationPotion"}],"is_trial":false,"path_per_floor":["M","?","M","$","M","E","R","E","T","?","M","R","M","?","R","B",null,"M","?","T","$","M","R","$","E","T","R","E","R","E","M","R","B",null,"M","?","$","T","M","R","E","M","T","$","M","M","$","E","R","B","B",null,"R","$","E","B",null],"character_chosen":"THE_SILENT","basemod:card_modifiers":[null,null,null,null,null,null,null,null,null,null,null,null,null,null,null,null,null,null,null,null,null,null,null,null,null,null,null,null,null,null],"items_purchased":["Apotheosis","TwistedFunnel","Orrery","Oddly Smooth Stone","OrangePellets","Toolbox","BlessingOfTheForge"],"campfire_rested":5,"item_purchase_floors":[4,4,24,24,44,54,54],"current_hp_per_floor":[44,33,26,26,25,12,31,19,19,19,8,27,27,27,27,27,56,56,29,29,29,28,47,47,43,43,62,44,44,44,44,63,52,63,61,51,51,51,51,51,51,51,51,51,51,50,50,50,50,34,55,63,63,63,66,17],"gold":45,"neow_bonus":"TWO_FIFTY_GOLD","is_prod":false,"is_daily":false,"rewards_skipped":[{"floor":11,"relics":[],"potions":["DistilledChaos"]},{"floor":31,"relics":[],"potions":["SneckoOil"]},{"floor":35,"relics":[],"potions":["SmokeBomb"]},{"floor":45,"relics":[],"potions":["CunningPotion"]},{"floor":46,"relics":[],"potions":["BlessingOfTheForge"]},{"floor":48,"relics":[],"potions":["Fire Potion"]},{"floor":55,"relics":[],"potions":["Poison Potion"]}],"chose_seed":false,"campfire_upgraded":4,"win_rate":0,"floor_exit_playtime":[61,65,129,182,220,272,275,351,353,359,431,435,491,496,504,602,621,861,874,878,919,1014,1017,1090,1206,1209,1215,1308,1320,1419,1481,1487,1614,1638,1749,1778,1842,1845,1885,1893,2009,2093,2096,2108,2180,2268,2385,2528,2532,4986,5170,5183,5215,5228,5406,5674],"timestamp":1747671626,"blue_key_relic_skipped_log":{"floor":43,"relicID":"CeramicFish"},"path_taken":["M","?","M","$","M","E","R","E","T","?","M","R","M","?","R","BOSS","M","?","?","$","M","R","$","E","T","R","E","R","E","?","R","BOSS","M","?","?","?","M","R","E","M","T","$","?","M","$","E","R","BOSS","BOSS","R","$","E","BOSS"],"build_version":"2022-12-18","purchased_purges":3,"victory":true,"max_hp_per_floor":[66,66,66,66,66,66,66,66,66,66,66,66,66,66,66,66,66,66,66,66,66,66,66,66,66,66,66,66,66,66,66,66,66,66,66,66,66,66,66,66,66,66,66,66,66,66,66,66,66,66,66,66,66,66,66,66],"relic_stats":{"Girya":0,"Gremlin Horn":[15,17],"counters":[26,115],"Snake Skull":[166],"Letter Opener":[291],"Question Card":1,"OrangePellets":[3],"Bronze Scales":[374],"Pantograph":44,"Tiny Chest":2,"Pandora\u0027s Box":["Crippling Poison","Doppelganger","Venomology","Crippling Poison","Concentrate","Dagger Spray","Distraction"],"obtain_stats":[{"TwistedFunnel":4,"Girya":30,"Gremlin Horn":6,"Oddly Smooth Stone":24,"Vajra":55,"Snake Skull":20,"Letter Opener":38,"Paper Crane":25,"Question Card":48,"Akabeko":26,"OrangePellets":44,"Anchor":41,"Bronze Scales":9,"Pantograph":28,"Orrery":24,"Toolbox":54,"Tiny Chest":8,"Pandora\u0027s Box":34,"Ring of the Snake":0,"Runic Pyramid":17},{"TwistedFunnel":2,"Girya":13,"Gremlin Horn":4,"Oddly Smooth Stone":10,"Vajra":25,"Snake Skull":9,"Letter Opener":16,"Paper Crane":11,"Question Card":22,"Akabeko":11,"OrangePellets":19,"Anchor":18,"Bronze Scales":5,"Pantograph":12,"Orrery":10,"Toolbox":24,"Tiny Chest":5,"Pandora\u0027s Box":15,"Ring of the Snake":0,"Runic Pyramid":8},{"TwistedFunnel":10,"Girya":56,"Gremlin Horn":17,"Oddly Smooth Stone":43,"Vajra":108,"Snake Skull":38,"Letter Opener":68,"Paper Crane":47,"Question Card":92,"Akabeko":47,"OrangePellets":78,"Anchor":76,"Bronze Scales":22,"Pantograph":52,"Orrery":43,"Toolbox":103,"Tiny Chest":22,"Pandora\u0027s Box":66,"Ring of the Snake":0,"Runic Pyramid":36}],"Ring of the Snake":[52]},"card_choices":[{"not_picked":["Backflip","Underhanded Strike"],"picked":"Crippling Poison","floor":1.0},{"not_picked":["Prepared","Reflex"],"picked":"Backflip","floor":3.0},{"not_picked":["Quick Slash","Prepared"],"picked":"Dagger Throw","floor":5.0},{"not_picked":["Acrobatics","Sucker Punch"],"picked":"Glass Knife","floor":6.0},{"not_picked":["Dagger Spray","Bouncing Flask"],"picked":"Noxious Fumes","floor":8.0},{"not_picked":["Sucker Punch","Flying Knee"],"picked":"Calculated Gamble","floor":11.0},{"not_picked":["Flying Knee","Dagger Spray"],"picked":"Poisoned Stab","floor":13.0},{"not_picked":["Phantasmal Killer","Tools of the Trade"],"picked":"Venomology","floor":16.0},{"not_picked":["Skewer","Dash"],"picked":"PiercingWail+1","floor":18.0},{"not_picked":["Bane+1","Underhanded Strike","Blade Dance"],"picked":"SKIP","floor":22.0},{"not_picked":["Bane+1","Underhanded Strike","Blade Dance"],"picked":"SKIP","floor":22.0},{"not_picked":["Skewer","Masterful Stab"],"picked":"Calculated Gamble+1","floor":24.0},{"not_picked":["Slice","Deflect"],"picked":"Prepared","floor":24.0},{"not_picked":["Storm of Steel","All Out Attack","Cloak And Dagger"],"picked":"SKIP","floor":24.0},{"not_picked":["Flying Knee","Deadly Poison","Eviscerate"],"picked":"SKIP","floor":24.0},{"not_picked":["Choke","Bane","Flying Knee+1"],"picked":"SKIP","floor":24.0},{"not_picked":["Bane","Backflip"],"picked":"Venomology","floor":25.0},{"not_picked":["Terror+1","Poisoned Stab","All Out Attack"],"picked":"SKIP","floor":28.0},{"not_picked":["Outmaneuver","Deadly Poison+1"],"picked":"Reflex","floor":30},{"not_picked":["Underhanded Strike","Cloak And Dagger"],"picked":"Catalyst","floor":31},{"not_picked":["Storm of Steel","After Image"],"picked":"Corpse Explosion","floor":33},{"not_picked":["Acrobatics","Deadly Poison"],"picked":"PiercingWail+1","floor":35},{"not_picked":["Trip","Finesse"],"picked":"Good Instincts","floor":36},{"not_picked":["Bandage Up","Trip"],"picked":"Finesse","floor":36},{"not_picked":["Flash of Steel","Panacea","Blind"],"picked":"SKIP","floor":36},{"not_picked":["Prepared","Deadly Poison","Bane"],"picked":"SKIP","floor":39},{"not_picked":["Setup","Slice","Prepared"],"picked":"SKIP","floor":41},{"not_picked":["Masterful Stab+1","Blur","Quick Slash"],"picked":"SKIP","floor":42},{"not_picked":["Prepared","Finisher","Dagger Throw+1"],"picked":"SKIP","floor":45},{"not_picked":["Escape Plan","All Out Attack+1"],"picked":"Backflip","floor":46},{"not_picked":["Backflip","Deadly Poison","Flying Knee"],"picked":"SKIP","floor":48},{"not_picked":["Choke","Poisoned Stab+1","Prepared","Sucker Punch"],"picked":"SKIP","floor":55}],"player_experience":2868908,"relics_obtained":[{"floor":6.0,"key":"Gremlin Horn"},{"floor":8.0,"key":"Tiny Chest"},{"floor":9.0,"key":"Bronze Scales"},{"floor":20.0,"key":"Snake Skull"},{"floor":25.0,"key":"Paper Crane"},{"floor":26.0,"key":"Akabeko"},{"floor":28.0,"key":"Pantograph"},{"floor":30,"key":"Girya"},{"floor":38,"key":"Letter Opener"},{"floor":41,"key":"Anchor"},{"floor":48,"key":"Question Card"},{"floor":55,"key":"Vajra"}],"event_choices":[{"damage_healed":0.0,"max_hp_gain":0.0,"max_hp_loss":0.0,"gold_gain":75.0,"event_name":"World of Goop","player_choice":"Gather Gold","floor":2.0,"gold_loss":0.0,"damage_taken":11.0},{"damage_healed":0.0,"max_hp_gain":0.0,"max_hp_loss":0.0,"gold_gain":0.0,"event_name":"Dead Adventurer","player_choice":"Searched \u00270\u0027 times","floor":10.0,"gold_loss":0.0,"damage_taken":0.0},{"damage_healed":0.0,"max_hp_gain":0.0,"max_hp_loss":0.0,"gold_gain":0.0,"event_name":"Living Wall","player_choice":"Grow","floor":14.0,"gold_loss":0.0,"damage_taken":0.0,"cards_upgraded":["Apotheosis"]},{"damage_healed":0.0,"max_hp_gain":0.0,"max_hp_loss":0.0,"gold_gain":270.0,"event_name":"Knowing Skull","player_choice":"GOLD GOLD GOLD ","floor":19.0,"potions_obtained":[],"gold_loss":0.0,"damage_taken":27.0,"cards_obtained":[]},{"damage_healed":0,"gold_gain":0,"player_choice":"Memory 3","damage_taken":10,"max_hp_gain":0,"max_hp_loss":0,"event_name":"SensoryStone","floor":36,"gold_loss":0}],"is_beta":false,"boss_relics":[{"not_picked":["Empty Cage","Ring of the Serpent"],"picked":"Runic Pyramid"},{"not_picked":["WristBlade","Tiny House"],"picked":"Pandora\u0027s Box"}],"items_purged_floors":[4,21,24],"is_endless":false,"potions_floor_spawned":[1,5,8,11,16,25,31,35,45,46,48,55],"ascension_level":20,"potion_discard_per_floor":[[],[],[],[],[],[],[],[],[],[],[],[],[],[],[],[],[],[],[],[],[],[],[],[],["Swift Potion"],[],[],[],[],[],[],[],[],[],[],[],[],[],[],[],["SmokeBomb","Strength Potion"],[],[],[],[],[],[],[],[],[],[],[],[],[],[],[],[]]}