{"neow_bonuses_skipped_log":["REMOVE_CARD","THREE_SMALL_POTIONS","TRANSFORM_TWO_CARDS"],"potions_obtained_entropic_brew":[[],[],[],[],[],[],[],[],[],[],[],[],[],[],[],[]],"neow_costs_skipped_log":["NONE","NONE","CURSE"],"gold_per_floor":[118,138,0,17,33,33,62,72,72,86,113,33,33,57,57,57],"floor_reached":16,"playtime":940,"items_purged":[],"score":228,"play_id":"d26ebbe8-5aee-4e6b-8039-8d437e922a1e","local_time":"20250613162926","score_breakdown":["Floors Climbed (16): 80","Enemies Slain (7): 14","Exordium Elites Killed (2): 20","Bosses Slain (0): 0","Ascension (20): 114"],"is_ascension_mode":true,"potions_obtained_alchemize":[[],[],[],[],[],[],[],[],[],[],[],[],[],[],[],[]],"campfire_choices":[{"data":"Bouncing Flask","floor":6,"key":"SMITH"},{"floor":15,"key":"REST"}],"lesson_learned_per_floor":[[],[],[],[],[],[],[],[],[],[],[],[],[],[],[],[]],"neow_cost":"NONE","improvable_cards":{},"seed_source_timestamp":214317005603000,"shop_contents":[{"floor":3,"relics":["Du-Vu Doll","Vajra","OrangePellets"],"cards":["Sucker Punch","Bane","Blade Dance","PiercingWail","Good Instincts","Apotheosis"],"potions":["Dexterity Potion","ColorlessPotion"]},{"floor":12,"relics":["Meat on the Bone","Regal Pillow","Sling"],"cards":["Flying Knee","Poisoned Stab","Accuracy","Forethought","Secret Weapon"],"potions":["LiquidBronze","SteroidPotion","SpeedPotion"]}],"circlet_count":0,"master_deck":["AscendersBane","Strike_G","Strike_G","Strike_G","Strike_G","Strike_G","Defend_G","Defend_G","Survivor","Neutralize","Malaise+1","Bane+1","Storm of Steel+1","Flying Knee","Backflip","Well Laid Plans","Bouncing Flask+1","Blade Dance","Tactician","Malaise","Acrobatics","Backflip","Acrobatics"],"potion_use_per_floor":[[],[],[],["Fruit Juice"],[],[],["BlessingOfTheForge"],[],[],["GamblersBrew"],[],[],[],["AttackPotion"],[],["FearPotion","CunningPotion"]],"relics":["Astrolabe","Ancient Tea Set","Dream Catcher","Juzu Bracelet","Golden Idol"],"potions_floor_usage":[4,7,10,14,16,16],"damage_taken":[{"damage":6,"enemies":"Cultist","floor":1,"turns":4},{"damage":1,"enemies":"Jaw Worm","floor":2,"turns":4},{"damage":0,"enemies":"Small Slimes","floor":4,"turns":2},{"damage":8,"enemies":"Blue Slaver","floor":5,"turns":5},{"damage":24,"enemies":"3 Sentries","floor":7,"turns":8},{"damage":0,"enemies":"2 Fungi Beasts","floor":8,"turns":3},{"damage":6,"enemies":"Lots of Slimes","floor":10,"turns":4},{"damage":7,"enemies":"Lagavulin","floor":11,"turns":5},{"damage":4,"enemies":"Exordium Thugs","floor":14,"turns":4},{"damage":33,"enemies":"Slime Boss","floor":16,"turns":5}],"seed_played":"-8099480498618728598","neow_bonus_log":{"cardsObtained":[],"cardsUpgraded":[],"cardsRemoved":[],"cardsTransformed":[],"relicsObtained":["Astrolabe"],"maxHpGained":0,"goldGained":0,"damageTaken":0,"goldLost":0,"maxHpLost":0},"potions_obtained":[{"floor":1,"key":"Fruit Juice"},{"floor":4,"key":"GamblersBrew"},{"floor":10,"key":"FearPotion"},{"floor":11,"key":"AttackPotion"},{"floor":14,"key":"CunningPotion"}],"is_trial":false,"path_per_floor":["M","M","$","M","M","R","E","M","T","M","E","$","?","M","R","B"],"character_chosen":"THE_SILENT","basemod:card_modifiers":[null,null,null,null,null,null,null,null,null,null,null,null,null,null,null,null,null,null,null,null,null,null,null],"items_purchased":["Well Laid Plans","BlessingOfTheForge","Acrobatics","Backflip"],"campfire_rested":1,"item_purchase_floors":[3,3,12,12],"current_hp_per_floor":[53,52,52,57,49,49,25,25,25,19,12,12,12,8,27,0],"gold":57,"neow_bonus":"BOSS_RELIC","is_prod":false,"is_daily":false,"rewards_skipped":[],"chose_seed":false,"campfire_upgraded":1,"win_rate":0,"floor_exit_playtime":[111,155,194,229,283,294,473,525,530,605,691,712,715,836,842],"timestamp":1749846566,"path_taken":["M","M","$","M","M","R","E","M","T","M","E","?","?","M","R","BOSS"],"build_version":"2022-12-18","purchased_purges":0,"victory":false,"max_hp_per_floor":[66,66,66,71,71,71,71,71,71,71,71,71,64,64,64,64],"relic_stats":{"Dream Catcher":1,"counters":[10,44],"Golden Idol":5,"Astrolabe":["Malaise","Bane","Storm of Steel"],"Juzu Bracelet":0,"Ancient Tea Set":[2],"obtain_stats":[{"Dream Catcher":9,"Golden Idol":13,"Astrolabe":0,"Juzu Bracelet":11,"Ancient Tea Set":7,"Ring of the Snake":0},{"Dream Catcher":6,"Golden Idol":8,"Astrolabe":0,"Juzu Bracelet":8,"Ancient Tea Set":5,"Ring of the Snake":0},{"Dream Catcher":26,"Golden Idol":35,"Astrolabe":0,"Juzu Bracelet":35,"Ancient Tea Set":23,"Ring of the Snake":0}]},"card_choices":[{"not_picked":["Eviscerate","Slice"],"picked":"Flying Knee","floor":1},{"not_picked":["Cloak And Dagger","Slice"],"picked":"Backflip","floor":2},{"not_picked":["Slice","Outmaneuver","Flechettes"],"picked":"SKIP","floor":4},{"not_picked":["Terror","Backflip"],"picked":"Bouncing Flask","floor":5},{"not_picked":["Well Laid Plans","Deflect"],"picked":"Blade Dance","floor":7},{"not_picked":["Well Laid Plans","Finisher"],"picked":"Tactician","floor":8},{"not_picked":["Bane","Distraction","Setup"],"picked":"SKIP","floor":10},{"not_picked":["Backflip","Bullet Time"],"picked":"Malaise","floor":11},{"not_picked":["Dagger Spray","Predator","Infinite Blades"],"picked":"SKIP","floor":14},{"not_picked":["Catalyst","Flying Knee"],"picked":"Acrobatics","floor":15}],"player_experience":2909445,"relics_obtained":[{"floor":7,"key":"Ancient Tea Set"},{"floor":9,"key":"Dream Catcher"},{"floor":11,"key":"Juzu Bracelet"}],"event_choices":[{"damage_healed":0,"gold_gain":0,"player_choice":"Lose Max HP","damage_taken":0,"relics_obtained":["Golden Idol"],"max_hp_gain":0,"max_hp_loss":7,"event_name":"Golden Idol","floor":13,"gold_loss":0}],"is_beta":false,"boss_relics":[],"items_purged_floors":[],"is_endless":false,"potions_floor_spawned":[1,4,10,11,14],"killed_by":"Slime Boss","ascension_level":20,"potion_discard_per_floor":[[],[],[],[],[],[],[],[],[],[],[],[],[],[],[],[]]}