{"neow_bonuses_skipped_log":["ONE_RANDOM_RARE_CARD","HUNDRED_GOLD","BOSS_RELIC"],"potions_obtained_entropic_brew":[[],[],[],[],[],[],[],[],[],[],[],[],[],[],[],[],[],[],[],[],[],[],[],[],[],[],[],[],[],[],[],[],[],[],[],[],[],[],[],[],[],[],[],[],[],[],[],[],[],[],[],[],[],[],[],[]],"neow_costs_skipped_log":["NONE","NONE","NONE"],"gold_per_floor":[369,379,32,46,66,91,91,103,172,8,8,31,67,76,76,156,156,179,20,41,117,20,20,48,48,48,98,127,146,146,175,175,261,261,281,331,356,356,369,369,403,403,430,430,472,472,233,256,256,256,256,256,256,42,75,75],"floor_reached":56,"playtime":5471,"items_purged":["Strike_G","Strike_G","Strike_G","Strike_G"],"score":2102,"play_id":"74bdab57-fb64-45ea-97c5-0a2fb2279a7a","local_time":"20250616114818","score_breakdown":["Floors Climbed (56): 280","Enemies Slain (13): 26","Exordium Elites Killed (2): 20","City Elites Killed (2): 40","Beyond Elites Killed (2): 60","Bosses Slain (4): 500","Money Money (1279): 25","Librarian: 25","Champion (1): 25","Perfect (1): 50","Overkill: 25","Ascension (20): 1026"],"is_ascension_mode":true,"potions_obtained_alchemize":[[],[],[],[],[],[],[],[],[],[],[],[],[],[],[],[],[],[],[],[],[],[],[],[],[],[],[],[],[],[],[],[],[],[],[],[],[],[],[],[],[],[],[],[],[],[],[],[],[],[],[],[],[],[],[],[]],"campfire_choices":[{"data":"Glass Knife","floor":7.0,"key":"SMITH"},{"floor":11.0,"key":"REST"},{"data":"Well Laid Plans","floor":15.0,"key":"SMITH"},{"data":"Grand Finale","floor":23.0,"key":"SMITH"},{"data":"Phantasmal Killer","floor":25.0,"key":"SMITH"},{"data":"Noxious Fumes","floor":30.0,"key":"SMITH"},{"data":"A Thousand Cuts","floor":32.0,"key":"SMITH"},{"data":"Wraith Form v2","floor":40.0,"key":"SMITH"},{"data":"Prepared","floor":42.0,"key":"SMITH"},{"data":"After Image","floor":44.0,"key":"SMITH"},{"data":"Acrobatics","floor":46.0,"key":"SMITH"},{"floor":49.0,"key":"RECALL"},{"data":"Master of Strategy","floor":53,"key":"SMITH"}],"lesson_learned_per_floor":[[],[],[],[],[],[],[],[],[],[],[],[],[],[],[],[],[],[],[],[],[],[],[],[],[],[],[],[],[],[],[],[],[],[],[],[],[],[],[],[],[],[],[],[],[],[],[],[],[],[],[],[],[],[],[],[]],"neow_cost":"TEN_PERCENT_HP_LOSS","improvable_cards":{},"seed_source_timestamp":0,"shop_contents":[{"floor":3,"relics":["Centennial Puzzle","Strange Spoon"],"cards":["Quick Slash","PiercingWail","Outmaneuver","Finesse","Sadistic Nature"],"potions":["DuplicationPotion","FairyPotion","BlessingOfTheForge"]},{"floor":10,"relics":["Blue Candle","FossilizedHelix"],"cards":["Poisoned Stab","Die Die Die","Blade Dance","Expertise","Caltrops","Deep Breath","Chrysalis"],"potions":["LiquidMemories","LiquidMemories","GamblersBrew"]},{"floor":19,"relics":["Snake Skull","Pear"],"cards":["Slice","Predator","Expertise","Escape Plan","Noxious Fumes","Thinking Ahead"],"potions":["PowerPotion","GamblersBrew","EssenceOfSteel"]},{"floor":22,"relics":["Lizard Tail","Question Card","Chemical X"],"cards":["Bane","Prepared","Well Laid Plans","Forethought","HandOfGreed"],"potions":["Ancient Potion","CunningPotion","AttackPotion"]},{"floor":47,"relics":["PreservedInsect","Vajra","TheAbacus"],"cards":["Die Die Die","Masterful Stab","Distraction","Enlightenment"],"potions":["PowerPotion","SteroidPotion"]},{"floor":54,"relics":["StrikeDummy","White Beast Statue","HandDrill"],"cards":["Finisher","Predator","Bullet Time","Distraction","Infinite Blades","Purity"],"potions":["SmokeBomb","Regen Potion"]}],"circlet_count":0,"master_deck":["AscendersBane","Defend_G","Defend_G","Defend_G","Defend_G","Defend_G","Survivor+1","Neutralize","PiercingWail","Dagger Spray","Glass Knife+1","Well Laid Plans+1","Blade Dance","Blade Dance","Backflip","Blade Dance","Phantasmal Killer+1","Endless Agony","After Image+1","Deflect+1","Finesse","Deflect+1","Acrobatics+1","Grand Finale+1","Noxious Fumes+1","A Thousand Cuts+1","Wraith Form v2+1","Concentrate+1","Prepared+1","Backflip","Escape Plan","Master of Strategy+1","Noxious Fumes","Noxious Fumes","Magnetism"],"special_seed":0,"potion_use_per_floor":[[],[],[],[],["DuplicationPotion"],[],[],[],[],[],[],[],["SneckoOil"],[],[],[],[],["LiquidMemories"],[],[],[],[],[],["Swift Potion","GamblersBrew"],[],[],[],[],[],[],[],[],[],[],[],[],[],[],["Block Potion"],[],["BlessingOfTheForge"],[],[],[],[],[],[],[],[],[],[],[],[],[],[],["DuplicationPotion","FairyPotion"]],"relics":["Ring of the Snake","Bag of Marbles","Orichalcum","Kunai","Membership Card","CeramicFish","Bird Faced Urn","Coffee Dripper","TwistedFunnel","HornCleat","Nunchaku","Singing Bowl","Happy Flower","HoveringKite","War Paint","Blood Vial","Sundial"],"potions_floor_usage":[56],"damage_taken":[{"damage":6.0,"enemies":"Cultist","floor":1.0,"turns":5.0},{"damage":2.0,"enemies":"2 Louse","floor":2.0,"turns":5.0},{"damage":3.0,"enemies":"Jaw Worm","floor":4.0,"turns":3.0},{"damage":0.0,"enemies":"Gremlin Gang","floor":5.0,"turns":1.0},{"damage":23.0,"enemies":"3 Sentries","floor":6.0,"turns":9.0},{"damage":0.0,"enemies":"2 Fungi Beasts","floor":8.0,"turns":2.0},{"damage":0.0,"enemies":"Gremlin Nob","floor":13.0,"turns":3.0},{"damage":0.0,"enemies":"Hexaghost","floor":16.0,"turns":10.0},{"damage":0.0,"enemies":"Chosen","floor":18.0,"turns":3.0},{"damage":5.0,"enemies":"2 Thieves","floor":20.0,"turns":3.0},{"damage":17.0,"enemies":"Gremlin Leader","floor":24.0,"turns":7.0},{"damage":17.0,"enemies":"Book of Stabbing","floor":28.0,"turns":5.0},{"damage":10.0,"enemies":"Shelled Parasite and Fungi","floor":29.0,"turns":4.0},{"damage":0.0,"enemies":"Snake Plant","floor":31.0,"turns":5.0},{"damage":1.0,"enemies":"Automaton","floor":33.0,"turns":8.0},{"damage":0.0,"enemies":"3 Darklings","floor":35.0,"turns":5.0},{"damage":0.0,"enemies":"Orb Walker","floor":37.0,"turns":3.0},{"damage":15.0,"enemies":"Spire Growth","floor":39.0,"turns":6.0},{"damage":22.0,"enemies":"Nemesis","floor":41.0,"turns":9.0},{"damage":14.0,"enemies":"Reptomancer","floor":45.0,"turns":6.0},{"damage":0.0,"enemies":"Jaw Worm Horde","floor":48.0,"turns":3.0},{"damage":28.0,"enemies":"Donu and Deca","floor":50.0,"turns":8.0},{"damage":44.0,"enemies":"Awakened One","floor":51.0,"turns":11.0},{"damage":9,"enemies":"Shield and Spear","floor":55,"turns":6},{"damage":118,"enemies":"The Heart","floor":56,"turns":9}],"green_key_taken_log":41,"seed_played":"-9012790374440832438","neow_bonus_log":{"cardsObtained":[],"cardsUpgraded":[],"cardsRemoved":[],"cardsTransformed":[],"relicsObtained":[],"maxHpGained":0,"goldGained":250,"damageTaken":0,"goldLost":0,"maxHpLost":6},"potions_obtained":[{"floor":4.0,"key":"DuplicationPotion"},{"floor":6.0,"key":"SneckoOil"},{"floor":8.0,"key":"LiquidMemories"},{"floor":18.0,"key":"GamblersBrew"},{"floor":20.0,"key":"Swift Potion"},{"floor":29.0,"key":"SteroidPotion"},{"floor":31.0,"key":"Fire Potion"},{"floor":35.0,"key":"Block Potion"},{"floor":39.0,"key":"BlessingOfTheForge"}],"is_trial":false,"path_per_floor":["M","M","$","M","M","E","R","M","T","$","R","T","E","?","R","B",null,"M","$","M","T","$","R","E","R","T","?","E","M","R","M","R","B",null,"M","?","M","?","M","R","E","R","T","R","E","R","$","M","R","B","B",null,"R","$","E","B"],"character_chosen":"THE_SILENT","basemod:card_modifiers":[null,null,null,null,null,null,null,null,null,null,null,null,null,null,null,null,null,null,null,null,null,null,null,null,null,null,null,null,null,null,null,null,null,null,null],"items_purchased":["Glass Knife","Well Laid Plans","Bag of Marbles","Membership Card","TwistedFunnel","Finesse","Acrobatics","Grand Finale","Escape Plan","Master of Strategy","FairyPotion","Noxious Fumes","Magnetism","DuplicationPotion"],"campfire_rested":1,"item_purchase_floors":[3,3,3,10,19,19,22,22,47,47,47,47,54,54],"current_hp_per_floor":[53,51,51,48,48,25,25,25,25,25,43,43,43,43,43,45,56,58,58,55,55,55,55,42,42,42,42,31,23,23,29,29,36,56,64,64,64,64,55,55,43,43,43,43,39,39,39,49,49,37,9,52,52,52,63,0],"gold":75,"neow_bonus":"TWO_FIFTY_GOLD","is_prod":false,"is_daily":false,"rewards_skipped":[{"floor":37,"relics":[],"potions":["Strength Potion"]},{"floor":38,"relics":[],"potions":["SpeedPotion","BlessingOfTheForge"]},{"floor":48,"relics":[],"potions":["ColorlessPotion"]},{"floor":55,"relics":[],"potions":["Dexterity Potion"]}],"chose_seed":false,"campfire_upgraded":11,"win_rate":0,"floor_exit_playtime":[68,118,158,196,272,413,424,457,529,538,541,545,618,625,632,2254,2283,2363,2431,2485,2488,2510,2516,2719,2736,2738,2744,2856,2991,3003,3108,3113,3408,3438,3581,3585,3649,3653,3768,3774,3987,3994,3998,4003,4131,4138,4171,4254,4256,4457,4824,4835,4872,4936,5142],"timestamp":1750088898,"blue_key_relic_skipped_log":{"floor":43,"relicID":"Boot"},"path_taken":["M","M","$","?","M","E","R","M","T","$","R","?","E","?","R","BOSS","M","$","M","?","?","R","E","R","T","?","E","M","R","?","R","BOSS","M","?","?","?","M","R","E","R","T","R","E","R","$","?","R","BOSS","BOSS","R","$","E","BOSS"],"build_version":"2022-12-18","purchased_purges":4,"victory":false,"max_hp_per_floor":[60,60,60,60,60,60,60,60,60,60,60,60,60,60,60,60,60,60,60,60,60,60,60,60,60,60,60,62,62,62,62,62,62,62,64,64,64,64,66,66,66,66,66,66,66,66,66,66,66,66,66,66,66,66,68,68],"relic_stats":{"Singing Bowl":8,"Happy Flower":[27],"counters":[25,139],"CeramicFish":171,"HoveringKite":[31],"Orichalcum":[60],"War Paint":["Survivor","Deflect"],"Blood Vial":10,"Nunchaku":[28],"Sundial":[0],"Bird Faced Urn":[124],"Kunai":[93],"Membership Card":766,"obtain_stats":[{"TwistedFunnel":19,"Singing Bowl":26,"Happy Flower":28,"CeramicFish":12,"HoveringKite":34,"Orichalcum":6,"War Paint":41,"Blood Vial":45,"Nunchaku":24,"HornCleat":21,"Sundial":55,"Bird Faced Urn":13,"Bag of Marbles":3,"Coffee Dripper":17,"Kunai":9,"Membership Card":10,"Ring of the Snake":0},{"TwistedFunnel":9,"Singing Bowl":11,"Happy Flower":12,"CeramicFish":6,"HoveringKite":15,"Orichalcum":5,"War Paint":19,"Blood Vial":20,"Nunchaku":11,"HornCleat":10,"Sundial":24,"Bird Faced Urn":7,"Bag of Marbles":2,"Coffee Dripper":8,"Kunai":6,"Membership Card":6,"Ring of the Snake":0},{"TwistedFunnel":41,"Singing Bowl":51,"Happy Flower":56,"CeramicFish":25,"HoveringKite":73,"Orichalcum":23,"War Paint":96,"Blood Vial":102,"Nunchaku":51,"HornCleat":44,"Sundial":130,"Bird Faced Urn":28,"Bag of Marbles":10,"Coffee Dripper":38,"Kunai":25,"Membership Card":25,"Ring of the Snake":0}],"Ring of the Snake":[51]},"card_choices":[{"not_picked":["Bane","Dodge and Roll"],"picked":"PiercingWail","floor":1.0},{"not_picked":["Blur","Prepared"],"picked":"Dagger Spray","floor":2.0},{"not_picked":["Poisoned Stab","Deflect"],"picked":"Blade Dance","floor":4.0},{"not_picked":["Quick Slash","Tactician"],"picked":"Blade Dance","floor":5.0},{"not_picked":["Bane","Acrobatics"],"picked":"Backflip","floor":6.0},{"not_picked":["Storm of Steel","Poisoned Stab"],"picked":"Blade Dance","floor":8.0},{"not_picked":["Poisoned Stab","Flying Knee"],"picked":"Phantasmal Killer","floor":13.0},{"not_picked":["Venomology","Night Terror"],"picked":"After Image","floor":16.0},{"not_picked":["Prepared","Eviscerate"],"picked":"Deflect","floor":18.0},{"not_picked":["PiercingWail","Dagger Throw"],"picked":"Deflect+1","floor":20.0},{"not_picked":["Cloak And Dagger","Deflect","Endless Agony+1"],"picked":"SKIP","floor":24.0},{"not_picked":["Bouncing Flask","Bane","Finisher"],"picked":"Singing Bowl","floor":28.0},{"not_picked":["Crippling Poison","Dagger Throw"],"picked":"Noxious Fumes","floor":29.0},{"not_picked":["PiercingWail","Poisoned Stab"],"picked":"A Thousand Cuts","floor":31.0},{"not_picked":["Corpse Explosion","Grand Finale"],"picked":"Wraith Form v2","floor":33.0},{"not_picked":["Footwork","Endless Agony+1","Dodge and Roll"],"picked":"Singing Bowl","floor":35.0},{"not_picked":["Setup+1","All Out Attack"],"picked":"Concentrate+1","floor":37.0},{"not_picked":["Outmaneuver+1","Setup","Masterful Stab"],"picked":"Singing Bowl","floor":39.0},{"not_picked":["Underhanded Strike","Predator"],"picked":"Prepared","floor":41.0},{"not_picked":["Setup","Blur+1"],"picked":"Backflip","floor":45.0},{"not_picked":["Poisoned Stab","Terror"],"picked":"Noxious Fumes","floor":48.0},{"not_picked":["Underhanded Strike","Concentrate","Quick Slash"],"picked":"Singing Bowl","floor":55}],"player_experience":2912058,"relics_obtained":[{"floor":6.0,"key":"Orichalcum"},{"floor":9.0,"key":"Kunai"},{"floor":12.0,"key":"CeramicFish"},{"floor":13.0,"key":"Bird Faced Urn"},{"floor":21.0,"key":"HornCleat"},{"floor":24.0,"key":"Nunchaku"},{"floor":26.0,"key":"Singing Bowl"},{"floor":28.0,"key":"Happy Flower"},{"floor":41.0,"key":"War Paint"},{"floor":45.0,"key":"Blood Vial"},{"floor":55,"key":"Sundial"}],"event_choices":[{"damage_healed":0.0,"max_hp_gain":0.0,"max_hp_loss":0.0,"gold_gain":0.0,"cards_transformed":["Strike_G"],"event_name":"Transmorgrifier","player_choice":"Transformed","floor":14.0,"gold_loss":0.0,"damage_taken":0.0,"cards_obtained":["Endless Agony"]},{"damage_healed":0.0,"max_hp_gain":0.0,"max_hp_loss":0.0,"gold_gain":50.0,"event_name":"Golden Shrine","player_choice":"Pray","floor":27.0,"gold_loss":0.0,"damage_taken":0.0},{"damage_healed":0.0,"max_hp_gain":0.0,"max_hp_loss":0.0,"gold_gain":50.0,"event_name":"Golden Shrine","player_choice":"Pray","floor":36.0,"gold_loss":0.0,"damage_taken":0.0},{"damage_healed":0.0,"max_hp_gain":0.0,"max_hp_loss":0.0,"gold_gain":0.0,"event_name":"Lab","player_choice":"Got Potions","floor":38.0,"gold_loss":0.0,"damage_taken":0.0}],"is_beta":false,"boss_relics":[{"not_picked":["Black Star","Empty Cage"],"picked":"Coffee Dripper"},{"not_picked":["Pandora\u0027s Box","SacredBark"],"picked":"HoveringKite"}],"items_purged_floors":[19,22,47,54],"is_endless":false,"potions_floor_spawned":[4,6,8,18,20,29,31,35,37,39,48,55],"killed_by":"The Heart","ascension_level":20,"potion_discard_per_floor":[[],[],[],[],[],[],[],[],[],[],[],[],[],[],[],[],[],[],[],[],[],[],[],[],[],[],[],[],[],[],[],[],[],[],["Fire Potion"],[],[],[],[],[],[],[],[],[],[],[],[],[],[],[],[],[],[],["SteroidPotion"],[],[]]}