{"neow_bonuses_skipped_log":["REMOVE_CARD","HUNDRED_GOLD","BOSS_RELIC"],"neow_costs_skipped_log":["NONE","NONE","NONE"],"potions_obtained_entropic_brew":[[],[],[],[],[],[],[],[],[],[],[],[],[],[],[],[]],"gold_per_floor":[367,384,398,64,75,75,108,88,88,114,114,114,129,129,129,129],"floor_reached":16,"playtime":1038,"items_purged":["Defend_G"],"score":224,"play_id":"5610cef0-5260-484c-9371-ffb64600cc0f","local_time":"20250801024439","score_breakdown":["Floors Climbed (16): 80","Enemies Slain (6): 12","Exordium Elites Killed (2): 20","Bosses Slain (0): 0","Ascension (20): 112"],"is_ascension_mode":true,"potions_obtained_alchemize":[[],[],[],[],[],[],[],[],[],[],[],[],[],[],[],[]],"campfire_choices":[{"data":"Noxious Fumes","floor":6,"key":"SMITH"},{"floor":11,"key":"REST"},{"data":"Noxious Fumes","floor":15,"key":"SMITH"}],"lesson_learned_per_floor":[[],[],[],[],[],[],[],[],[],[],[],[],[],[],[],[]],"neow_cost":"TEN_PERCENT_HP_LOSS","improvable_cards":{},"seed_source_timestamp":764887655382000,"shop_contents":[{"floor":4,"relics":["TungstenRod","Lizard Tail","PrismaticShard"],"cards":["Dagger Spray","Prepared","Outmaneuver","Swift Strike","Secret Weapon"],"potions":["Regen Potion","AttackPotion"]},{"floor":14,"relics":["CeramicFish","Juzu Bracelet","Lee\u0027s Waffle"],"cards":["Dagger Throw","Skewer","Outmaneuver","PiercingWail","Accuracy","Panacea","Transmutation"],"potions":["SteroidPotion","CultistPotion","Weak Potion"]}],"circlet_count":0,"master_deck":["AscendersBane","Strike_G","Strike_G","Strike_G","Strike_G","Strike_G","Defend_G","Defend_G","Defend_G","Defend_G","Survivor","Neutralize","Leg Sweep","Noxious Fumes+1","Endless Agony","Backstab","Noxious Fumes+1","Backflip","Blade Dance"],"potion_use_per_floor":[[],[],[],[],[],[],["Poison Potion"],[],[],["Swift Potion"],[],[],[],[],[],["GhostInAJar","CunningPotion"]],"relics":["Ring of the Snake","Bronze Scales","Ginger","Torii","GremlinMask"],"potions_floor_usage":[7,10,16,16],"damage_taken":[{"damage":13,"enemies":"Jaw Worm","floor":1,"turns":5},{"damage":2,"enemies":"Cultist","floor":2,"turns":5},{"damage":0,"enemies":"2 Louse","floor":3,"turns":6},{"damage":10,"enemies":"Red Slaver","floor":5,"turns":4},{"damage":12,"enemies":"Lagavulin","floor":7,"turns":7},{"damage":6,"enemies":"Exordium Thugs","floor":8,"turns":4},{"damage":7,"enemies":"3 Sentries","floor":10,"turns":6},{"damage":1,"enemies":"3 Louse","floor":13,"turns":3},{"damage":29,"enemies":"Slime Boss","floor":16,"turns":9}],"seed_played":"-2899326916774752813","neow_bonus_log":{"cardsObtained":[],"cardsUpgraded":[],"cardsRemoved":[],"cardsTransformed":[],"relicsObtained":[],"maxHpGained":0,"goldGained":250,"damageTaken":0,"goldLost":0,"maxHpLost":6},"potions_obtained":[{"floor":2,"key":"Poison Potion"},{"floor":7,"key":"Swift Potion"},{"floor":10,"key":"CunningPotion"}],"is_trial":false,"path_per_floor":["M","M","M","$","M","R","E","M","T","E","R","?","M","$","R","B"],"character_chosen":"THE_SILENT","basemod:card_modifiers":[null,null,null,null,null,null,null,null,null,null,null,null,null,null,null,null,null,null,null],"items_purchased":["Backstab","Noxious Fumes","GhostInAJar"],"campfire_rested":1,"item_purchase_floors":[4,4,4],"current_hp_per_floor":[46,44,44,44,34,34,22,16,16,9,27,27,26,26,26,0],"gold":129,"neow_bonus":"TWO_FIFTY_GOLD","is_prod":false,"is_daily":false,"rewards_skipped":[{"floor":5,"relics":[],"potions":["FairyPotion"]}],"chose_seed":false,"campfire_upgraded":2,"win_rate":0,"floor_exit_playtime":[93,135,193,336,402,412,485,552,554,763,768,780,856,876,883],"timestamp":1754030679,"path_taken":["M","M","M","$","M","R","E","M","T","E","R","?","M","?","R","BOSS"],"build_version":"2022-12-18","purchased_purges":1,"victory":false,"max_hp_per_floor":[60,60,60,60,60,60,60,60,60,60,60,60,60,60,60,60],"relic_stats":{"Torii":3,"counters":[9,49],"Bronze Scales":[52],"Ginger":[2],"obtain_stats":[{"Torii":10,"Bronze Scales":7,"GremlinMask":12,"Ginger":9,"Ring of the Snake":0},{"Torii":7,"Bronze Scales":5,"GremlinMask":7,"Ginger":6,"Ring of the Snake":0},{"Torii":37,"Bronze Scales":27,"GremlinMask":37,"Ginger":31,"Ring of the Snake":0}],"Ring of the Snake":[18]},"card_choices":[{"not_picked":["Outmaneuver","Poisoned Stab"],"picked":"Leg Sweep","floor":1},{"not_picked":["Underhanded Strike","Acrobatics"],"picked":"Noxious Fumes","floor":2},{"not_picked":["Sucker Punch","Quick Slash"],"picked":"Endless Agony","floor":3},{"not_picked":["Outmaneuver","Slice"],"picked":"Backflip","floor":5},{"not_picked":["Bullet Time","Noxious Fumes"],"picked":"Blade Dance","floor":7},{"not_picked":["Prepared","Backflip","Deadly Poison"],"picked":"SKIP","floor":8},{"not_picked":["Dagger Spray","Bane","Dodge and Roll"],"picked":"SKIP","floor":10},{"not_picked":["Flying Knee","Sucker Punch","Noxious Fumes"],"picked":"SKIP","floor":13}],"player_experience":2928122,"relics_obtained":[{"floor":7,"key":"Bronze Scales"},{"floor":9,"key":"Ginger"},{"floor":10,"key":"Torii"}],"event_choices":[{"damage_healed":0,"gold_gain":0,"player_choice":"Trade","damage_taken":0,"relics_obtained":["GremlinMask"],"max_hp_gain":0,"max_hp_loss":0,"event_name":"FaceTrader","floor":12,"gold_loss":0}],"is_beta":false,"boss_relics":[],"items_purged_floors":[4],"is_endless":false,"potions_floor_spawned":[2,5,7,10],"killed_by":"Slime Boss","ascension_level":20,"potion_discard_per_floor":[[],[],[],[],[],[],[],[],[],[],[],[],[],[],[],[]]}