{"neow_bonuses_skipped_log":["TRANSFORM_CARD","TWENTY_PERCENT_HP_BONUS","BOSS_RELIC"],"neow_costs_skipped_log":["NONE","PERCENT_DAMAGE","NONE"],"potions_obtained_entropic_brew":[[],[],[],[],[],[],[],[],[],[],[],[],[],[],[],[]],"gold_per_floor":[215,233,31,49,69,69,100,100,100,114,114,114,134,154,154,154],"floor_reached":16,"playtime":970,"items_purged":[],"score":208,"play_id":"b2d2c6d4-a382-4eeb-82ec-5483f05abbbc","local_time":"20250802004239","score_breakdown":["Floors Climbed (16): 80","Enemies Slain (7): 14","Exordium Elites Killed (1): 10","Bosses Slain (0): 0","Ascension (20): 104"],"is_ascension_mode":true,"potions_obtained_alchemize":[[],[],[],[],[],[],[],[],[],[],[],[],[],[],[],[]],"campfire_choices":[{"data":"Blade Dance","floor":6,"key":"SMITH"},{"floor":8,"key":"REST"},{"data":"Acrobatics","floor":12,"key":"SMITH"},{"floor":15,"key":"REST"}],"lesson_learned_per_floor":[[],[],[],[],[],[],[],[],[],[],[],[],[],[],[],[]],"neow_cost":"NONE","improvable_cards":{},"seed_source_timestamp":844033531153700,"shop_contents":[{"floor":3,"relics":["Juzu Bracelet","Bronze Scales","Sling"],"cards":["Bane","Outmaneuver","Noxious Fumes","Panache"],"potions":["LiquidBronze","Weak Potion","PowerPotion"]}],"circlet_count":0,"master_deck":["AscendersBane","Strike_G","Strike_G","Strike_G","Strike_G","Defend_G","Defend_G","Defend_G","Defend_G","Defend_G","Survivor","Neutralize","Underhanded Strike","Terror","Predator","Blade Dance+1","Dark Shackles","Acrobatics+1","Noxious Fumes","Doppelganger","Reflex"],"potion_use_per_floor":[[],[],[],[],[],[],["FairyPotion"],[],[],[],[],[],[],[],[],[]],"relics":["Ring of the Snake","Blue Candle","Pear"],"potions_floor_usage":[],"damage_taken":[{"damage":0,"enemies":"2 Louse","floor":1,"turns":5},{"damage":0,"enemies":"Cultist","floor":2,"turns":4},{"damage":8,"enemies":"Small Slimes","floor":4,"turns":3},{"damage":12,"enemies":"Blue Slaver","floor":5,"turns":4},{"damage":52,"enemies":"Gremlin Nob","floor":7,"turns":5},{"damage":7,"enemies":"Exordium Wildlife","floor":10,"turns":3},{"damage":8,"enemies":"Lots of Slimes","floor":13,"turns":4},{"damage":11,"enemies":"Red Slaver","floor":14,"turns":4},{"damage":51,"enemies":"Slime Boss","floor":16,"turns":10}],"seed_played":"-2676341005015547971","neow_bonus_log":{"cardsObtained":[],"cardsUpgraded":[],"cardsRemoved":[],"cardsTransformed":[],"relicsObtained":[],"maxHpGained":0,"goldGained":100,"damageTaken":0,"goldLost":0,"maxHpLost":0},"potions_obtained":[{"floor":1,"key":"FairyPotion"},{"floor":10,"key":"Dexterity Potion"}],"is_trial":false,"path_per_floor":["M","M","$","M","M","R","E","R","T","M","?","R","M","M","R","B"],"character_chosen":"THE_SILENT","basemod:card_modifiers":[null,null,null,null,null,null,null,null,null,null,null,null,null,null,null,null,null,null,null,null,null],"items_purchased":["Predator","Blade Dance","Dark Shackles"],"campfire_rested":2,"item_purchase_floors":[3,3,3],"current_hp_per_floor":[59,59,59,51,39,39,19,38,48,41,41,41,33,22,44,0],"gold":154,"neow_bonus":"HUNDRED_GOLD","is_prod":false,"is_daily":false,"rewards_skipped":[],"chose_seed":false,"campfire_upgraded":2,"win_rate":0,"floor_exit_playtime":[157,191,416,454,524,531,578,585,588,665,675,682,752,827,829],"timestamp":1754109759,"path_taken":["M","M","$","M","M","R","E","R","T","M","?","R","M","?","R","BOSS"],"build_version":"2022-12-18","purchased_purges":0,"victory":false,"max_hp_per_floor":[66,66,66,66,66,66,66,66,76,76,76,76,76,76,76,76],"relic_stats":{"counters":[9,42],"Blue Candle":[0],"obtain_stats":[{"Pear":9,"Blue Candle":7,"Ring of the Snake":0},{"Pear":5,"Blue Candle":5,"Ring of the Snake":0},{"Pear":21,"Blue Candle":21,"Ring of the Snake":0}],"Ring of the Snake":[18]},"card_choices":[{"not_picked":["Setup","Slice"],"picked":"Underhanded Strike","floor":1},{"not_picked":["Distraction","Dodge and Roll"],"picked":"Terror","floor":2},{"not_picked":["Dodge and Roll","Flying Knee","Underhanded Strike"],"picked":"SKIP","floor":4},{"not_picked":["Concentrate","Underhanded Strike","Cloak And Dagger"],"picked":"SKIP","floor":5},{"not_picked":["Blur","Quick Slash"],"picked":"Acrobatics","floor":7},{"not_picked":["Skewer","Predator"],"picked":"Noxious Fumes","floor":10},{"not_picked":["Slice","PiercingWail"],"picked":"Doppelganger","floor":13},{"not_picked":["Expertise","Dagger Throw"],"picked":"Reflex","floor":14}],"player_experience":2929160,"relics_obtained":[{"floor":7,"key":"Blue Candle"},{"floor":9,"key":"Pear"}],"event_choices":[{"cards_removed":["Strike_G"],"damage_healed":0,"gold_gain":0,"player_choice":"Purged","damage_taken":0,"max_hp_gain":0,"max_hp_loss":0,"event_name":"Purifier","floor":11,"gold_loss":0}],"is_beta":false,"boss_relics":[],"items_purged_floors":[],"is_endless":false,"potions_floor_spawned":[1,10],"killed_by":"Slime Boss","ascension_level":20,"potion_discard_per_floor":[[],[],[],[],[],[],[],[],[],[],[],[],[],[],[],[]]}