{"gold_per_floor":[112,39,39,58,68,97,115,115,139,163,163,13,13,30,30,129,129,144,160,160,110,110,110,110,135,135,148,148,166,178,190,190,290,290,308,308,308,321,334,334,365,365,392,406,406],"floor_reached":45,"playtime":4418,"items_purged":["Defend_P"],"score":490,"play_id":"90cbf2e1-851b-460c-92db-96bf9304689d","local_time":"20210408025113","is_ascension_mode":false,"campfire_choices":[{"data":"BattleHymn","floor":8.0,"key":"SMITH"},{"data":"Perseverance","floor":11.0,"key":"SMITH"},{"floor":15.0,"key":"REST"},{"data":"Devotion","floor":23.0,"key":"SMITH"},{"floor":28.0,"key":"REST"},{"floor":32.0,"key":"REST"},{"data":"TalkToTheHand","floor":40,"key":"SMITH"},{"data":"Eruption","floor":42,"key":"SMITH"}],"neow_cost":"NONE","seed_source_timestamp":0,"circlet_count":0,"master_deck":["Strike_P","Strike_P+1","Strike_P+1","Eruption+1","Vigilance","BattleHymn+1","Devotion+1","FollowUp+1","TalkToTheHand+1","Perseverance+1","Prostrate+1","LessonLearned","ClearTheMind+1","ThirdEye+1","SashWhip","BowlingBash+1","DeceiveReality+1","Consecrate+1","Devotion","Devotion+1","Vengeance+1","DevaForm+1","FollowUp+1","Discovery+1","Dramatic Entrance+1","Protect+1"],"special_seed":0,"relics":["PureWater","NeowsBlessing","Smiling Mask","Blood Vial","Odd Mushroom","Toy Ornithopter","Bronze Scales","Molten Egg 2","Astrolabe","Mango","Boot"],"potions_floor_usage":[38,41,45],"damage_taken":[{"damage":0.0,"enemies":"Small Slimes","floor":1.0,"turns":1.0},{"damage":0.0,"enemies":"Cultist","floor":4.0,"turns":1.0},{"damage":0.0,"enemies":"2 Louse","floor":5.0,"turns":1.0},{"damage":30.0,"enemies":"Lagavulin","floor":6.0,"turns":7.0},{"damage":2.0,"enemies":"Blue Slaver","floor":7.0,"turns":4.0},{"damage":15.0,"enemies":"The Mushroom Lair","floor":10.0,"turns":5.0},{"damage":11.0,"enemies":"Exordium Thugs","floor":14.0,"turns":4.0},{"damage":11.0,"enemies":"Hexaghost","floor":16.0,"turns":6.0},{"damage":2.0,"enemies":"Chosen","floor":18.0,"turns":3.0},{"damage":8.0,"enemies":"Shell Parasite","floor":19.0,"turns":8.0},{"damage":22.0,"enemies":"Gremlin Leader","floor":25.0,"turns":5.0},{"damage":13.0,"enemies":"Snake Plant","floor":27.0,"turns":3.0},{"damage":17.0,"enemies":"Chosen and Byrds","floor":29.0,"turns":6.0},{"damage":17.0,"enemies":"Shelled Parasite and Fungi","floor":30.0,"turns":3.0},{"damage":15.0,"enemies":"Cultist and Chosen","floor":31.0,"turns":5.0},{"damage":6.0,"enemies":"Automaton","floor":33.0,"turns":6.0},{"damage":4.0,"enemies":"3 Shapes","floor":35.0,"turns":4.0},{"damage":6,"enemies":"Orb Walker","floor":38,"turns":2},{"damage":26,"enemies":"3 Darklings","floor":39,"turns":4},{"damage":18,"enemies":"Nemesis","floor":41,"turns":5},{"damage":45,"enemies":"Sphere and 2 Shapes","floor":44,"turns":6},{"damage":17,"enemies":"4 Shapes","floor":45,"turns":5}],"seed_played":"7182606137946309531","potions_obtained":[{"floor":3.0,"key":"Explosive Potion"},{"floor":3.0,"key":"GamblersBrew"},{"floor":3.0,"key":"Weak Potion"},{"floor":6.0,"key":"Block Potion"},{"floor":7.0,"key":"BottledMiracle"},{"floor":16.0,"key":"Swift Potion"},{"floor":25.0,"key":"Strength Potion"},{"floor":29.0,"key":"SteroidPotion"},{"floor":33.0,"key":"DistilledChaos"},{"floor":39,"key":"Weak Potion"},{"floor":44,"key":"SkillPotion"}],"is_trial":false,"path_per_floor":["M","$","?","M","M","E","M","R","T","?","R","$","?","M","R","B",null,"M","M","?","$","?","R","?","E","T","M","R","M","M","M","R","B",null,"M","?","?","M","M","R","E","R","T","M","M"],"character_chosen":"WATCHER","items_purchased":["Devotion","Toy Ornithopter"],"campfire_rested":3,"item_purchase_floors":[2,12],"current_hp_per_floor":[72,72,72,72,72,42,40,40,40,27,27,27,51,42,63,61,72,70,64,64,64,51,51,51,36,36,25,48,33,18,5,28,29,77,73,68,68,69,45,45,48,48,48,5,0],"gold":406,"neow_bonus":"THREE_ENEMY_KILL","is_prod":false,"is_daily":false,"chose_seed":false,"campfire_upgraded":5,"win_rate":0.0,"timestamp":1617864673,"path_taken":["M","$","?","M","?","E","M","R","T","?","R","$","?","M","R","BOSS","M","M","?","$","?","R","?","E","T","M","R","?","M","M","R","BOSS","M","?","?","M","M","R","E","R","T","M","?"],"build_version":"2020-12-22","purchased_purges":1,"victory":false,"max_hp_per_floor":[72,72,72,72,72,72,72,72,72,72,72,72,72,72,72,72,72,72,72,72,72,77,77,77,77,77,77,77,77,77,77,77,77,77,77,77,77,77,77,77,91,91,91,91,91],"card_choices":[{"not_picked":["ClearTheMind","EmptyMind"],"picked":"BattleHymn","floor":1.0},{"not_picked":["JustLucky","Meditate","Protect"],"picked":"SKIP","floor":4.0},{"not_picked":["Conclude","LikeWater"],"picked":"FollowUp","floor":5.0},{"not_picked":["EmptyBody","CrushJoints"],"picked":"TalkToTheHand","floor":6.0},{"not_picked":["Crescendo","CutThroughFate"],"picked":"Perseverance","floor":7.0},{"not_picked":["Consecrate","EmptyBody"],"picked":"Prostrate","floor":14.0},{"not_picked":["Omniscience","DevaForm"],"picked":"LessonLearned","floor":16.0},{"not_picked":["SashWhip+1","BowlingBash"],"picked":"ClearTheMind+1","floor":18.0},{"not_picked":["Consecrate","Halt+1"],"picked":"ThirdEye+1","floor":19.0},{"not_picked":["Scrawl","CarveReality+1"],"picked":"SashWhip","floor":25.0},{"not_picked":["Crescendo+1","Halt","CutThroughFate+1"],"picked":"SKIP","floor":27.0},{"not_picked":["Tantrum+1","Blasphemy"],"picked":"BowlingBash+1","floor":29.0},{"not_picked":["JustLucky+1","SashWhip+1"],"picked":"DeceiveReality","floor":30.0},{"not_picked":["ThirdEye","ClearTheMind"],"picked":"Consecrate+1","floor":31.0},{"not_picked":["Omniscience","Ragnarok+1"],"picked":"Devotion","floor":33.0},{"not_picked":["Crescendo","LikeWater"],"picked":"FollowUp+1","floor":35},{"not_picked":["Trip","Swift Strike+1"],"picked":"Discovery","floor":36},{"not_picked":["Jack Of All Trades","Purity"],"picked":"Dramatic Entrance+1","floor":36},{"not_picked":["Evaluate","SignatureMove+1","FearNoEvil+1"],"picked":"SKIP","floor":38},{"not_picked":["Crescendo+1","FlyingSleeves+1","CarveReality+1"],"picked":"SKIP","floor":39},{"not_picked":["Pray+1","Vengeance+1","PathToVictory"],"picked":"SKIP","floor":41},{"not_picked":["Vengeance+1","ReachHeaven+1"],"picked":"Protect+1","floor":44}],"player_experience":90013,"relics_obtained":[{"floor":6.0,"key":"Smiling Mask"},{"floor":9.0,"key":"Blood Vial"},{"floor":10.0,"key":"Odd Mushroom"},{"floor":25.0,"key":"Bronze Scales"},{"floor":26.0,"key":"Molten Egg 2"},{"floor":41,"key":"Mango"},{"floor":43,"key":"Boot"}],"event_choices":[{"damage_healed":0.0,"max_hp_gain":0.0,"max_hp_loss":0.0,"gold_gain":0.0,"event_name":"Lab","player_choice":"Got Potions","floor":3.0,"gold_loss":0.0,"damage_taken":0.0},{"damage_healed":0.0,"max_hp_gain":0.0,"max_hp_loss":0.0,"gold_gain":0.0,"event_name":"Mushrooms","player_choice":"Fought Mushrooms","floor":10.0,"gold_loss":0.0,"damage_taken":0.0},{"damage_healed":24.0,"max_hp_gain":0.0,"max_hp_loss":0.0,"gold_gain":0.0,"event_name":"Big Fish","player_choice":"Banana","floor":13.0,"gold_loss":0.0,"damage_taken":0.0},{"damage_healed":0.0,"max_hp_gain":0.0,"max_hp_loss":0.0,"gold_gain":0.0,"event_name":"The Mausoleum","player_choice":"Ignored","floor":20.0,"gold_loss":0.0,"damage_taken":0.0},{"damage_healed":0.0,"max_hp_gain":5.0,"max_hp_loss":0.0,"gold_gain":0.0,"event_name":"Forgotten Altar","player_choice":"Shed Blood","floor":22.0,"gold_loss":0.0,"damage_taken":18.0},{"cards_removed":["Defend_P"],"damage_healed":0.0,"max_hp_gain":0.0,"max_hp_loss":0.0,"gold_gain":0.0,"event_name":"Back to Basics","player_choice":"Elegance","floor":24.0,"gold_loss":0.0,"damage_taken":0.0},{"damage_healed":0,"gold_gain":0,"player_choice":"Memory 2","damage_taken":5,"max_hp_gain":0,"max_hp_loss":0,"event_name":"SensoryStone","floor":36,"gold_loss":0},{"damage_healed":0,"gold_gain":0,"player_choice":"Upgraded","damage_taken":0,"max_hp_gain":0,"max_hp_loss":0,"event_name":"Upgrade Shrine","floor":37,"gold_loss":0,"cards_upgraded":["Discovery"]}],"is_beta":false,"boss_relics":[{"not_picked":["Coffee Dripper","Ectoplasm","Busted Crown"]},{"not_picked":["Runic Pyramid","Calling Bell"],"picked":"Astrolabe"}],"items_purged_floors":[21],"is_endless":false,"potions_floor_spawned":[6,7,10,16,25,29,30,33,35,39,44],"killed_by":"4 Shapes","ascension_level":0}