{"gold_per_floor":[111,129,140,154,154,2,2,20,20,20,20,31,65,79,79,183,183,203,213,232,62,75,75,75,75,120,120],"floor_reached":27,"playtime":2180,"items_purged":["Defend_P"],"score":217,"play_id":"c5fd2914-65c9-469b-aca3-bfa8de75132f","local_time":"20210407210215","is_ascension_mode":false,"campfire_choices":[{"floor":7,"key":"RECALL"},{"data":"Eruption","floor":10,"key":"SMITH"},{"data":"Consecrate","floor":15,"key":"SMITH"},{"floor":23,"key":"REST"}],"neow_cost":"NONE","seed_source_timestamp":112171856053600,"circlet_count":0,"master_deck":["Strike_P","Strike_P","Strike_P","Strike_P","Defend_P","Defend_P","Defend_P","Eruption+1","Vigilance","EmptyBody","EmptyFist","Consecrate+1","Weave","Nirvana","FollowUp","JustLucky","DevaForm","Judgement","Evaluate","Bandage Up","SandsOfTime+1"],"relics":["HolyWater","NeowsBlessing","Blood Vial","Shuriken","Ancient Tea Set"],"potions_floor_usage":[27,27],"damage_taken":[{"damage":0,"enemies":"2 Louse","floor":1,"turns":1},{"damage":0,"enemies":"Small Slimes","floor":2,"turns":1},{"damage":0,"enemies":"Cultist","floor":3,"turns":1},{"damage":4,"enemies":"Blue Slaver","floor":4,"turns":5},{"damage":0,"enemies":"Large Slime","floor":8,"turns":4},{"damage":13,"enemies":"Looter","floor":12,"turns":3},{"damage":34,"enemies":"3 Sentries","floor":13,"turns":9},{"damage":2,"enemies":"Blue Slaver","floor":14,"turns":3},{"damage":5,"enemies":"Slime Boss","floor":16,"turns":6},{"damage":11,"enemies":"3 Byrds","floor":18,"turns":7},{"damage":8,"enemies":"Chosen","floor":19,"turns":4},{"damage":4,"enemies":"Sentry and Sphere","floor":20,"turns":3},{"damage":39,"enemies":"Chosen and Byrds","floor":22,"turns":6},{"damage":59,"enemies":"Book of Stabbing","floor":27,"turns":6}],"seed_played":"1047123203703675296","potions_obtained":[{"floor":1,"key":"AttackPotion"},{"floor":3,"key":"Energy Potion"},{"floor":8,"key":"BlessingOfTheForge"}],"is_trial":false,"path_per_floor":["M","M","M","M","?","$","R","M","T","R","$","M","E","M","R","B",null,"M","M","M","$","M","R","?","?","T","E"],"character_chosen":"WATCHER","items_purchased":["Blood Vial","Bandage Up"],"campfire_rested":1,"item_purchase_floors":[6,21],"current_hp_per_floor":[72,72,72,68,73,73,73,75,75,75,75,64,32,32,32,29,77,66,60,58,58,25,48,48,48,48,0],"gold":120,"neow_bonus":"THREE_ENEMY_KILL","is_prod":false,"is_daily":false,"chose_seed":false,"campfire_upgraded":2,"win_rate":0.0,"timestamp":1617843735,"path_taken":["M","M","M","M","?","$","R","M","T","R","$","M","E","M","R","BOSS","M","M","M","$","M","R","?","?","T","E"],"build_version":"2020-12-22","purchased_purges":1,"victory":false,"max_hp_per_floor":[72,72,72,72,77,77,77,77,77,77,77,77,77,77,77,77,77,77,77,77,77,77,77,77,77,77,77],"card_choices":[{"not_picked":["Adaptation","Study"],"picked":"EmptyBody","floor":1},{"not_picked":["Wallop","Sanctity"],"picked":"EmptyFist","floor":2},{"not_picked":["FlyingSleeves","CrushJoints","ClearTheMind"],"picked":"SKIP","floor":3},{"not_picked":["FlyingSleeves","WreathOfFlame"],"picked":"Consecrate","floor":4},{"not_picked":["SashWhip","CutThroughFate"],"picked":"Weave","floor":8},{"not_picked":["Sanctity","Pray"],"picked":"Nirvana","floor":12},{"not_picked":["EmptyBody","BowlingBash"],"picked":"FollowUp","floor":13},{"not_picked":["Evaluate","Collect"],"picked":"JustLucky","floor":14},{"not_picked":["DeusExMachina","Brilliance"],"picked":"DevaForm","floor":16},{"not_picked":["Consecrate","CrushJoints+1","SashWhip"],"picked":"SKIP","floor":18},{"not_picked":["SashWhip+1","InnerPeace+1"],"picked":"Judgement","floor":19},{"not_picked":["ReachHeaven+1","PathToVictory"],"picked":"Evaluate","floor":20},{"not_picked":["Conclude","BattleHymn"],"picked":"SandsOfTime+1","floor":22}],"player_experience":87196,"relics_obtained":[{"floor":9,"key":"Shuriken"},{"floor":13,"key":"Ancient Tea Set"}],"event_choices":[{"damage_healed":0,"gold_gain":0,"player_choice":"Donut","damage_taken":0,"max_hp_gain":5,"max_hp_loss":0,"event_name":"Big Fish","floor":5,"gold_loss":0},{"damage_healed":0,"gold_gain":0,"player_choice":"Ignored","damage_taken":0,"max_hp_gain":0,"max_hp_loss":0,"event_name":"The Mausoleum","floor":24,"gold_loss":0},{"damage_healed":0,"gold_gain":0,"player_choice":"0 cards matched","damage_taken":0,"max_hp_gain":0,"max_hp_loss":0,"event_name":"Match and Keep!","floor":25,"gold_loss":0,"cards_obtained":[]}],"is_beta":false,"boss_relics":[{"not_picked":["Coffee Dripper","SacredBark"],"picked":"HolyWater"}],"items_purged_floors":[21],"is_endless":false,"potions_floor_spawned":[1,3,8,18],"killed_by":"Book of Stabbing","ascension_level":0}