{"gold_per_floor":[111,111,129,129,142,142,142,142,142,171,191,191,191,3,3,101,101,112,127,36,36,0,0,29,41,41,41,41,59,71,88,88,88],"floor_reached":33,"playtime":2660,"items_purged":[],"score":265,"play_id":"0ed8a4d3-3a51-4757-9e7b-27e3f6cc1507","local_time":"20210408033544","is_ascension_mode":false,"campfire_choices":[{"data":"ThirdEye","floor":6,"key":"SMITH"},{"floor":13,"key":"REST"},{"floor":15,"key":"REST"},{"data":"Enlightenment","floor":23,"key":"SMITH"},{"floor":27,"key":"REST"},{"floor":32,"key":"REST"}],"neow_cost":"NONE","seed_source_timestamp":135298204059599,"circlet_count":0,"master_deck":["Strike_P","Strike_P","Strike_P","Strike_P","Defend_P","Defend_P","Defend_P","Eruption","Vigilance","Dark Shackles","CrushJoints","FlurryOfBlows","ThirdEye+1","Vengeance","Apotheosis","Establishment","ThirdEye","TalkToTheHand","Enlightenment+1","SignatureMove+1","Swivel","Protect","SashWhip","ClearTheMind+1"],"relics":["PureWater","Oddly Smooth Stone","InkBottle","Mercury Hourglass","SlaversCollar","Centennial Puzzle","White Beast Statue"],"potions_floor_usage":[10,31,33,33],"damage_taken":[{"damage":4,"enemies":"2 Louse","floor":1,"turns":4},{"damage":1,"enemies":"Jaw Worm","floor":3,"turns":4},{"damage":0,"enemies":"Small Slimes","floor":5,"turns":4},{"damage":47,"enemies":"Lagavulin","floor":10,"turns":7},{"damage":0,"enemies":"Looter","floor":11,"turns":3},{"damage":31,"enemies":"The Guardian","floor":16,"turns":12},{"damage":10,"enemies":"Shell Parasite","floor":18,"turns":5},{"damage":17,"enemies":"Spheric Guardian","floor":19,"turns":5},{"damage":15,"enemies":"Slavers","floor":24,"turns":5},{"damage":10,"enemies":"Cultist and Chosen","floor":25,"turns":5},{"damage":15,"enemies":"3 Cultists","floor":29,"turns":5},{"damage":2,"enemies":"Chosen and Byrds","floor":30,"turns":5},{"damage":4,"enemies":"Snake Plant","floor":31,"turns":4},{"damage":64,"enemies":"Collector","floor":33,"turns":7}],"seed_played":"-3967721368292915035","potions_obtained":[{"floor":5,"key":"EssenceOfSteel"},{"floor":10,"key":"Strength Potion"},{"floor":11,"key":"PowerPotion"},{"floor":19,"key":"EssenceOfSteel"},{"floor":29,"key":"AttackPotion"},{"floor":31,"key":"Fruit Juice"}],"is_trial":false,"path_per_floor":["M","?","M","T","M","R","?","?","T","E","M","?","R","$","R","B",null,"M","M","$","?","?","R","E","M","T","R","?","M","M","M","R","B"],"character_chosen":"WATCHER","items_purchased":["Apotheosis","Enlightenment"],"campfire_rested":4,"item_purchase_floors":[14,20],"current_hp_per_floor":[68,68,67,67,67,67,72,72,72,25,25,25,48,48,71,40,77,67,50,50,50,50,50,35,25,25,48,48,33,31,32,56,0],"gold":88,"neow_bonus":"RANDOM_COLORLESS","is_prod":false,"is_daily":false,"chose_seed":false,"campfire_upgraded":2,"win_rate":0.0,"timestamp":1617867344,"path_taken":["M","?","M","?","M","R","?","?","T","E","?","?","R","$","R","BOSS","M","M","$","?","?","R","E","M","T","R","?","M","M","M","R","BOSS"],"build_version":"2020-12-22","purchased_purges":0,"victory":false,"max_hp_per_floor":[72,72,72,72,72,72,77,77,77,77,77,77,77,77,77,77,77,77,77,77,77,77,77,77,77,77,77,77,77,77,82,82,82],"card_choices":[{"not_picked":["Panacea","Impatience"],"picked":"Dark Shackles","floor":0},{"not_picked":["CutThroughFate","FollowUp"],"picked":"CrushJoints","floor":1},{"not_picked":["EmptyFist","Collect"],"picked":"FlurryOfBlows","floor":3},{"not_picked":["WheelKick","PathToVictory"],"picked":"ThirdEye","floor":5},{"not_picked":["Fasting2","Pray","Consecrate"],"picked":"SKIP","floor":10},{"not_picked":["SashWhip","BowlingBash"],"picked":"Vengeance","floor":11},{"not_picked":["Vault","DevaForm"],"picked":"Establishment","floor":16},{"not_picked":["FollowUp","Weave"],"picked":"ThirdEye","floor":18},{"not_picked":["FollowUp","WheelKick"],"picked":"TalkToTheHand","floor":19},{"not_picked":["CutThroughFate+1","WheelKick"],"picked":"SignatureMove+1","floor":24},{"not_picked":["Crescendo+1","CrushJoints"],"picked":"Swivel","floor":25},{"not_picked":["InnerPeace","BowlingBash"],"picked":"Protect","floor":29},{"not_picked":["Pray","FollowUp"],"picked":"SashWhip","floor":30},{"not_picked":["Adaptation+1","Scrawl"],"picked":"ClearTheMind+1","floor":31}],"player_experience":94431,"relics_obtained":[{"floor":4,"key":"Oddly Smooth Stone"},{"floor":9,"key":"InkBottle"},{"floor":10,"key":"Mercury Hourglass"},{"floor":24,"key":"Centennial Puzzle"},{"floor":26,"key":"White Beast Statue"}],"event_choices":[{"damage_healed":0,"gold_gain":0,"player_choice":"Ignored","damage_taken":0,"max_hp_gain":0,"max_hp_loss":0,"event_name":"Liars Game","floor":2,"gold_loss":0},{"damage_healed":0,"gold_gain":0,"player_choice":"Donut","damage_taken":0,"max_hp_gain":5,"max_hp_loss":0,"event_name":"Big Fish","floor":7,"gold_loss":0},{"cards_removed":["Defend_P"],"damage_healed":0,"gold_gain":0,"player_choice":"Offered Basic","damage_taken":0,"max_hp_gain":0,"max_hp_loss":0,"event_name":"Bonfire Elementals","floor":8,"gold_loss":0},{"damage_healed":0,"gold_gain":0,"player_choice":"Searched \u00271\u0027 times","damage_taken":0,"max_hp_gain":0,"max_hp_loss":0,"event_name":"Dead Adventurer","floor":12,"gold_loss":0},{"damage_healed":0,"gold_gain":0,"player_choice":"Ignored","damage_taken":0,"max_hp_gain":0,"max_hp_loss":0,"event_name":"Vampires","floor":21,"gold_loss":0},{"damage_healed":0,"gold_gain":0,"player_choice":"Paid Fearfully","damage_taken":0,"max_hp_gain":0,"max_hp_loss":0,"event_name":"Masked Bandits","floor":22,"gold_loss":36},{"damage_healed":0,"gold_gain":0,"player_choice":"Ignored","damage_taken":0,"max_hp_gain":0,"max_hp_loss":0,"event_name":"Ghosts","floor":28,"gold_loss":0}],"is_beta":false,"boss_relics":[{"not_picked":["Snecko Eye","Sozu"],"picked":"SlaversCollar"}],"items_purged_floors":[],"is_endless":false,"potions_floor_spawned":[5,10,11,19,24,29,30,31],"killed_by":"Collector","ascension_level":0}