{"gold_per_floor":[109,109,34,44,54,89,89,89,89,117,127,152,163,174,174,275,275,289,289],"floor_reached":19,"playtime":975,"items_purged":["Pain"],"score":189,"play_id":"e82b4eff-40c5-48ca-b687-c1433ed146cd","local_time":"20210410195115","is_ascension_mode":false,"campfire_choices":[{"data":"FollowUp","floor":8,"key":"SMITH"},{"data":"SashWhip","floor":15,"key":"SMITH"}],"neow_cost":"NONE","seed_source_timestamp":138503604969999,"circlet_count":0,"master_deck":["Strike_P","Strike_P","Strike_P","Defend_P","Defend_P","Defend_P","Eruption","Vigilance","FearNoEvil","Tantrum","FollowUp+1","Wireheading","SashWhip+1","Sanctity","FlyingSleeves","ClearTheMind","Judgement","Consecrate"],"relics":["PureWater","NeowsBlessing","WarpedTongs","Meat on the Bone","Ornamental Fan","Matryoshka","Tiny Chest","Empty Cage"],"potions_floor_usage":[13,16],"damage_taken":[{"damage":0,"enemies":"Small Slimes","floor":1,"turns":1},{"damage":0,"enemies":"Cultist","floor":4,"turns":1},{"damage":0,"enemies":"2 Louse","floor":5,"turns":1},{"damage":5,"enemies":"3 Sentries","floor":6,"turns":3},{"damage":12,"enemies":"Gremlin Nob","floor":10,"turns":3},{"damage":1,"enemies":"Lots of Slimes","floor":11,"turns":4},{"damage":9,"enemies":"Lagavulin","floor":12,"turns":3},{"damage":6,"enemies":"3 Louse","floor":13,"turns":2},{"damage":0,"enemies":"Looter","floor":14,"turns":2},{"damage":30,"enemies":"The Guardian","floor":16,"turns":11},{"damage":0,"enemies":"Chosen","floor":18,"turns":4},{"damage":0,"enemies":"2 Thieves","floor":19,"turns":1}],"seed_played":"-159504670710543423","potions_obtained":[{"floor":10,"key":"LiquidBronze"},{"floor":11,"key":"Block Potion"},{"floor":13,"key":"SmokeBomb"},{"floor":14,"key":"Energy Potion"}],"is_trial":false,"path_per_floor":["M","?","$","M","M","E","?","R","T","E","M","E","M","M","R","B",null,"M","M"],"character_chosen":"WATCHER","items_purchased":[],"campfire_rested":0,"item_purchase_floors":[],"current_hp_per_floor":[72,72,72,72,72,67,72,72,72,60,59,50,44,44,44,26,72,72,72],"gold":289,"neow_bonus":"THREE_ENEMY_KILL","is_prod":false,"is_daily":false,"chose_seed":false,"campfire_upgraded":2,"win_rate":0.0,"timestamp":1618098675,"path_taken":["M","?","$","?","M","E","?","R","T","E","M","E","?","M","R","BOSS","M","M"],"build_version":"2020-12-22","purchased_purges":1,"victory":false,"max_hp_per_floor":[72,72,72,72,72,72,72,72,72,72,72,72,72,72,72,72,72,72,72],"card_choices":[{"not_picked":["EmptyFist","Evaluate"],"picked":"FearNoEvil","floor":1},{"not_picked":["FlurryOfBlows","WaveOfTheHand"],"picked":"Tantrum","floor":4},{"not_picked":["SandsOfTime","Prostrate"],"picked":"FollowUp","floor":5},{"not_picked":["Omniscience","FollowUp"],"picked":"EmptyMind","floor":6},{"not_picked":["Tantrum","Evaluate"],"picked":"Wireheading","floor":10},{"not_picked":["CutThroughFate","Evaluate"],"picked":"SashWhip","floor":11},{"not_picked":["LikeWater","MentalFortress"],"picked":"Sanctity","floor":12},{"not_picked":["Evaluate","Meditate"],"picked":"FlyingSleeves","floor":13},{"not_picked":["Crescendo","Weave"],"picked":"ClearTheMind","floor":14},{"not_picked":["Scrawl","Brilliance"],"picked":"Judgement","floor":16},{"not_picked":["FearNoEvil","Collect"],"picked":"Consecrate","floor":18}],"player_experience":103523,"relics_obtained":[{"floor":6,"key":"Meat on the Bone"},{"floor":9,"key":"Ornamental Fan"},{"floor":10,"key":"Matryoshka"},{"floor":12,"key":"Tiny Chest"}],"event_choices":[{"damage_healed":0,"gold_gain":0,"player_choice":"Rummage","damage_taken":0,"relics_obtained":["WarpedTongs"],"max_hp_gain":0,"max_hp_loss":0,"event_name":"Accursed Blacksmith","floor":2,"gold_loss":0,"cards_obtained":["Pain"]},{"cards_removed":["EmptyMind"],"damage_healed":5,"gold_gain":0,"player_choice":"Offered Uncommon","damage_taken":0,"max_hp_gain":0,"max_hp_loss":0,"event_name":"Bonfire Elementals","floor":7,"gold_loss":0}],"is_beta":false,"boss_relics":[{"not_picked":["Fusion Hammer","SlaversCollar"],"picked":"Empty Cage"}],"items_purged_floors":[3],"is_endless":false,"potions_floor_spawned":[10,11,13,14],"killed_by":"2 Thieves","ascension_level":0}