{"gold_per_floor":[115,125,125,125,136,136,146,146],"floor_reached":8,"playtime":225,"items_purged":[],"score":60,"play_id":"b00984ed-ac73-49d8-859d-2d0ebe6024c3","local_time":"20210530191050","is_ascension_mode":true,"campfire_choices":[{"floor":6.0,"key":"REST"}],"neow_cost":"PERCENT_DAMAGE","seed_source_timestamp":1523184168340900,"circlet_count":0,"master_deck":["Strike_P","Strike_P","Strike_P","Strike_P","Defend_P+1","Defend_P","Eruption","Vigilance+1","FlyingSleeves","Wallop+1","Sanctity","Consecrate"],"special_seed":0,"relics":["PureWater","War Paint"],"potions_floor_usage":[],"damage_taken":[{"damage":10.0,"enemies":"2 Louse","floor":1.0,"turns":3.0},{"damage":0.0,"enemies":"Cultist","floor":2.0,"turns":2.0},{"damage":0.0,"enemies":"Jaw Worm","floor":5.0,"turns":2.0},{"damage":2.0,"enemies":"2 Fungi Beasts","floor":7.0,"turns":3.0},{"damage":28,"enemies":"Gremlin Nob","floor":8,"turns":2}],"seed_played":"-8822482152893831874","potions_obtained":[{"floor":2.0,"key":"BottledMiracle"},{"floor":5.0,"key":"ColorlessPotion"}],"is_trial":false,"path_per_floor":["M","M","?","?","M","R","M","E"],"character_chosen":"WATCHER","items_purchased":[],"campfire_rested":1,"item_purchase_floors":[],"current_hp_per_floor":[41,41,41,8,8,29,27,0],"gold":146,"neow_bonus":"REMOVE_TWO","is_prod":false,"is_daily":false,"chose_seed":false,"campfire_upgraded":0,"win_rate":0,"timestamp":1622416250,"path_taken":["M","M","?","?","M","R","M","E"],"build_version":"2020-12-22","purchased_purges":0,"victory":false,"max_hp_per_floor":[72,72,72,72,72,72,72,72],"card_choices":[{"not_picked":["BowlingBash","ForeignInfluence"],"picked":"FlyingSleeves","floor":1.0},{"not_picked":["DeceiveReality","EmptyFist"],"picked":"Wallop","floor":2.0},{"not_picked":["BowlingBash","CarveReality"],"picked":"Sanctity","floor":5.0},{"not_picked":["Halt","PathToVictory"],"picked":"Consecrate","floor":7.0}],"player_experience":403363,"relics_obtained":[],"event_choices":[{"damage_healed":0.0,"max_hp_gain":0.0,"max_hp_loss":0.0,"gold_gain":0.0,"event_name":"Living Wall","player_choice":"Grow","floor":3.0,"gold_loss":0.0,"damage_taken":0.0,"cards_upgraded":["Wallop"]},{"damage_healed":0.0,"max_hp_gain":0.0,"max_hp_loss":0.0,"gold_gain":0.0,"event_name":"Scrap Ooze","player_choice":"Success","floor":4.0,"gold_loss":0.0,"damage_taken":33.0,"relics_obtained":["War Paint"]}],"is_beta":false,"boss_relics":[],"items_purged_floors":[],"is_endless":false,"potions_floor_spawned":[2,5],"killed_by":"Gremlin Nob","ascension_level":5}