{"gold_per_floor":[369,48,58,58,58,58,58,58,126,144,169,46,46,57,57,155,155,174,187,197,197,15,40,58,83,159,193,213,213,213,229,229,330,330,345,361,144,164,214,214,214,226,275,288,307,323,323,180,180,180,180,180,16,48,48],"floor_reached":55,"playtime":3387,"items_purged":["Strike_P","Strike_P","CarveReality","Perseverance"],"score":992,"play_id":"be42939c-1994-4a12-8f82-66e0d1ebf436","local_time":"20210704185845","is_ascension_mode":true,"campfire_choices":[{"floor":6.0,"key":"REST"},{"data":"Wallop","floor":8.0,"key":"SMITH"},{"data":"Eruption","floor":13.0,"key":"SMITH"},{"data":"SandsOfTime","floor":15.0,"key":"SMITH"},{"data":"Vigilance","floor":29,"key":"SMITH"},{"data":"EmptyBody","floor":32,"key":"SMITH"},{"data":"Fasting2","floor":40,"key":"SMITH"},{"floor":49,"key":"RECALL"},{"data":"TalkToTheHand","floor":52,"key":"SMITH"}],"neow_cost":"PERCENT_DAMAGE","seed_source_timestamp":1657039460548800,"circlet_count":0,"master_deck":["Eruption+1","Vigilance+1","FlurryOfBlows","Wallop+1","FlurryOfBlows+1","FlurryOfBlows","EmptyBody+1","FlurryOfBlows","SandsOfTime+1","MasterReality+1","EmptyFist+1","CarveReality","Wallop+1","Scrawl","Meditate","ThirdEye","ThirdEye+1","Blasphemy","CarveReality","Wireheading","DeceiveReality","WheelKick","Fasting2+1","TalkToTheHand+1","Adaptation","InnerPeace"],"special_seed":0,"relics":["PureWater","Orichalcum","Pantograph","Mango","Coffee Dripper","Membership Card","TeardropLocket","Bottled Flame","Ornamental Fan","Centennial Puzzle","Pandora\u0027s Box","Bag of Marbles","OrangePellets","Ginger","Ice Cream","Art of War"],"potions_floor_usage":[24,25,27,33,33,50,55,55],"damage_taken":[{"damage":1.0,"enemies":"2 Louse","floor":1.0,"turns":4.0},{"damage":2.0,"enemies":"Jaw Worm","floor":3.0,"turns":2.0},{"damage":0.0,"enemies":"Small Slimes","floor":10.0,"turns":3.0},{"damage":12.0,"enemies":"Lagavulin","floor":11.0,"turns":3.0},{"damage":0.0,"enemies":"Blue Slaver","floor":14.0,"turns":1.0},{"damage":12.0,"enemies":"Hexaghost","floor":16.0,"turns":6.0},{"damage":0.0,"enemies":"Chosen","floor":18.0,"turns":3.0},{"damage":0.0,"enemies":"3 Byrds","floor":19.0,"turns":3.0},{"damage":0.0,"enemies":"Centurion and Healer","floor":20.0,"turns":3.0},{"damage":18.0,"enemies":"Slavers","floor":23.0,"turns":4.0},{"damage":5,"enemies":"Chosen and Byrds","floor":24,"turns":4},{"damage":17,"enemies":"Book of Stabbing","floor":25,"turns":5},{"damage":29,"enemies":"Gremlin Leader","floor":27,"turns":6},{"damage":0,"enemies":"Cultist and Chosen","floor":28,"turns":4},{"damage":0,"enemies":"3 Cultists","floor":31,"turns":4},{"damage":33,"enemies":"Automaton","floor":33,"turns":7},{"damage":18,"enemies":"3 Darklings","floor":35,"turns":2},{"damage":0,"enemies":"Orb Walker","floor":36,"turns":2},{"damage":7,"enemies":"Jaw Worm Horde","floor":38,"turns":2},{"damage":4,"enemies":"Mind Bloom Boss Battle","floor":39,"turns":5},{"damage":1,"enemies":"Writhing Mass","floor":42,"turns":3},{"damage":26,"enemies":"Maw","floor":44,"turns":4},{"damage":4,"enemies":"Sphere and 2 Shapes","floor":45,"turns":3},{"damage":4,"enemies":"Spire Growth","floor":46,"turns":4},{"damage":5,"enemies":"Awakened One","floor":50,"turns":13},{"damage":56,"enemies":"Shield and Spear","floor":54,"turns":6},{"damage":68,"enemies":"The Heart","floor":55,"turns":2}],"seed_played":"-5370739420519201392","potions_obtained":[{"floor":1.0,"key":"Dexterity Potion"},{"floor":3.0,"key":"SteroidPotion"},{"floor":23,"key":"FearPotion"},{"floor":24,"key":"SpeedPotion"},{"floor":27,"key":"StancePotion"},{"floor":28,"key":"Energy Potion"},{"floor":33,"key":"Strength Potion"},{"floor":35,"key":"Ancient Potion"}],"is_trial":false,"path_per_floor":["M","$","M","?","?","R","?","R","T","M","E","$","R","M","R","B",null,"M","M","M","?","$","E","M","E","T","E","M","R","?","M","R","B",null,"M","M","$","M","?","R","?","M","T","M","M","M","?","$","R","B",null,"R","$","E","B"],"character_chosen":"WATCHER","items_purchased":["Wallop","CarveReality","FearPotion","Block Potion","FlurryOfBlows","Membership Card","SteroidPotion","Bag of Marbles","OrangePellets","Adaptation","CultistPotion","Ice Cream","InnerPeace"],"campfire_rested":1,"item_purchase_floors":[2,2,2,2,12,22,22,37,37,48,48,53,53],"current_hp_per_floor":[46,46,44,37,23,44,49,49,49,49,51,51,51,51,51,64,84,84,84,84,84,84,66,61,44,44,15,15,15,15,15,15,7,70,52,52,52,45,66,66,66,65,65,39,35,31,22,22,22,42,79,79,79,23,0],"gold":48,"neow_bonus":"TWO_FIFTY_GOLD","is_prod":false,"is_daily":false,"chose_seed":false,"campfire_upgraded":7,"win_rate":0,"timestamp":1625439525,"path_taken":["M","$","M","?","?","R","?","R","T","M","E","?","R","M","R","BOSS","M","?","M","?","?","E","M","E","T","E","?","R","?","M","R","BOSS","M","M","$","M","?","R","?","M","T","?","M","M","?","$","R","BOSS","R","$","E","BOSS"],"build_version":"2020-12-22","purchased_purges":4,"victory":false,"max_hp_per_floor":[72,72,72,72,72,72,77,77,77,77,91,91,91,91,91,91,91,91,91,91,91,91,91,91,91,91,91,91,91,91,91,91,91,91,91,91,91,91,91,91,91,91,91,91,91,91,91,91,91,91,91,91,91,91,91],"card_choices":[{"not_picked":["Fasting2","FollowUp"],"picked":"FlurryOfBlows","floor":1.0},{"not_picked":["CarveReality","ForeignInfluence"],"picked":"FlurryOfBlows","floor":3.0},{"not_picked":["Halt","JustLucky"],"picked":"FlurryOfBlows","floor":10.0},{"not_picked":["FlyingSleeves","WindmillStrike"],"picked":"EmptyBody","floor":11.0},{"not_picked":["LikeWater","Fasting2"],"picked":"SandsOfTime","floor":14.0},{"not_picked":["DeusExMachina","Brilliance"],"picked":"MasterReality","floor":16.0},{"not_picked":["SashWhip","SandsOfTime"],"picked":"EmptyFist+1","floor":18.0},{"not_picked":["Swivel+1","SignatureMove","SashWhip"],"picked":"SKIP","floor":19.0},{"not_picked":["Conclude+1","Halt","CrushJoints"],"picked":"SKIP","floor":20.0},{"not_picked":["BowlingBash","SashWhip+1"],"picked":"CarveReality","floor":23},{"not_picked":["Vengeance","Consecrate"],"picked":"Wallop+1","floor":24},{"not_picked":["CrushJoints+1","Protect+1"],"picked":"Scrawl","floor":25},{"not_picked":["Halt","FlurryOfBlows+1"],"picked":"Meditate","floor":27},{"not_picked":["WindmillStrike","Evaluate"],"picked":"ThirdEye","floor":28},{"not_picked":["Conclude","CarveReality"],"picked":"ThirdEye+1","floor":31},{"not_picked":["LessonLearned","DevaForm"],"picked":"Blasphemy","floor":33},{"not_picked":["Protect+1","BowlingBash+1","FlurryOfBlows"],"picked":"SKIP","floor":35},{"not_picked":["Prostrate+1","DeceiveReality+1","FollowUp+1"],"picked":"SKIP","floor":36},{"not_picked":["Halt+1","CutThroughFate+1"],"picked":"Fasting2","floor":38},{"not_picked":["PathToVictory","Study+1","ClearTheMind+1"],"picked":"SKIP","floor":42},{"not_picked":["EmptyFist+1","Indignation+1"],"picked":"TalkToTheHand","floor":44},{"not_picked":["Consecrate","ClearTheMind+1","Blasphemy"],"picked":"SKIP","floor":45},{"not_picked":["SashWhip","Evaluate+1","FlyingSleeves+1"],"picked":"SKIP","floor":46},{"not_picked":["SashWhip","Evaluate+1","FlyingSleeves+1"],"picked":"SKIP","floor":46},{"not_picked":["Prostrate+1","PathToVictory","JustLucky+1"],"picked":"SKIP","floor":54}],"player_experience":430236,"relics_obtained":[{"floor":9.0,"key":"Pantograph"},{"floor":11.0,"key":"Mango"},{"floor":23,"key":"TeardropLocket"},{"floor":25,"key":"Bottled Flame"},{"floor":26,"key":"Ornamental Fan"},{"floor":27,"key":"Centennial Puzzle"},{"floor":39,"key":"Ginger"},{"floor":54,"key":"Art of War"}],"event_choices":[{"damage_healed":0.0,"max_hp_gain":0.0,"max_hp_loss":0.0,"gold_gain":0.0,"event_name":"Scrap Ooze","player_choice":"Success","floor":4.0,"gold_loss":0.0,"damage_taken":7.0,"relics_obtained":["Orichalcum"]},{"damage_healed":0.0,"max_hp_gain":0.0,"max_hp_loss":0.0,"gold_gain":0.0,"event_name":"Shining Light","player_choice":"Entered Light","floor":5.0,"gold_loss":0.0,"damage_taken":14.0,"cards_upgraded":["FlurryOfBlows","Defend_P"]},{"damage_healed":0.0,"max_hp_gain":5.0,"max_hp_loss":0.0,"gold_gain":0.0,"event_name":"Big Fish","player_choice":"Donut","floor":7.0,"gold_loss":0.0,"damage_taken":0.0},{"damage_healed":0.0,"max_hp_gain":0.0,"max_hp_loss":0.0,"gold_gain":0.0,"event_name":"Upgrade Shrine","player_choice":"Upgraded","floor":21.0,"gold_loss":0.0,"damage_taken":0.0,"cards_upgraded":["MasterReality"]},{"damage_healed":0,"gold_gain":0,"player_choice":"Ignored","damage_taken":0,"max_hp_gain":0,"max_hp_loss":0,"event_name":"Vampires","floor":30,"gold_loss":0},{"damage_healed":0,"gold_gain":0,"player_choice":"Fight","damage_taken":0,"max_hp_gain":0,"max_hp_loss":0,"event_name":"MindBloom","floor":39,"gold_loss":0},{"cards_removed":["CarveReality"],"damage_healed":0,"gold_gain":0,"player_choice":"Purged","damage_taken":0,"max_hp_gain":0,"max_hp_loss":0,"event_name":"Purifier","floor":41,"gold_loss":0},{"damage_healed":0,"gold_gain":0,"player_choice":"Damaged","damage_taken":9,"max_hp_gain":0,"max_hp_loss":0,"event_name":"Wheel of Change","floor":47,"gold_loss":0}],"is_beta":false,"boss_relics":[{"not_picked":["Snecko Eye","Philosopher\u0027s Stone"],"picked":"Coffee Dripper"},{"not_picked":["Velvet Choker","Runic Pyramid"],"picked":"Pandora\u0027s Box"}],"items_purged_floors":[2,12,37,48],"is_endless":false,"potions_floor_spawned":[1,3,23,24,27,28,33,35,39,45,46],"killed_by":"The Heart","ascension_level":7}