{"gold_per_floor":[119,119,119,130,150,150,180,180,180,180,199,299,328,340,340,442,442,453,468,152,164,54,54,87,87,87,104,137,137,17,31,31,136,136,156,175,103,103,117,117,146,161,186,9,9,9,43,60,60,60],"floor_reached":50,"playtime":3632,"items_purged":["Strike_P","Defend_P+1"],"score":748,"play_id":"d695f2b3-ff68-4664-ae30-4936d69ab53c","local_time":"20210701133118","is_ascension_mode":true,"campfire_choices":[{"data":"Adaptation","floor":6.0,"key":"SMITH"},{"data":"1","floor":10.0,"key":"LIFT"},{"floor":15.0,"key":"REST"},{"floor":23.0,"key":"REST"},{"data":"2","floor":25.0,"key":"LIFT"},{"floor":29.0,"key":"REST"},{"data":"3","floor":32.0,"key":"LIFT"},{"data":"Blasphemy","floor":40.0,"key":"SMITH"},{"floor":45.0,"key":"REST"},{"floor":49.0,"key":"RECALL"}],"neow_cost":"NONE","seed_source_timestamp":0,"circlet_count":0,"master_deck":["Defend_P+1","Eruption","Vigilance","FlurryOfBlows","FollowUp","Adaptation+1","FlyingSleeves","Brilliance","FlurryOfBlows","Protect+1","Blasphemy+1","Swivel+1","LikeWater+1","Adaptation+1","FlurryOfBlows","EmptyFist","TalkToTheHand","EmptyMind+1","Wireheading","CarveReality","CutThroughFate","Prostrate+1","Crescendo","Devotion","TalkToTheHand+1","Wireheading","EmptyBody+1","ThirdEye","MentalFortress+1","Scrawl","ClearTheMind+1"],"special_seed":0,"relics":["PureWater","White Beast Statue","Girya","Shuriken","Astrolabe","Mummified Hand","StoneCalendar","Meat on the Bone","Darkstone Periapt","Empty Cage","War Paint","Potion Belt"],"potions_floor_usage":[50,50,50],"damage_taken":[{"damage":0.0,"enemies":"Jaw Worm","floor":1.0,"turns":2.0},{"damage":1.0,"enemies":"2 Louse","floor":4.0,"turns":3.0},{"damage":0.0,"enemies":"Small Slimes","floor":5.0,"turns":3.0},{"damage":4.0,"enemies":"Lagavulin","floor":7.0,"turns":6.0},{"damage":10.0,"enemies":"Gremlin Gang","floor":11.0,"turns":4.0},{"damage":6.0,"enemies":"3 Sentries","floor":13.0,"turns":6.0},{"damage":6.0,"enemies":"Red Slaver","floor":14.0,"turns":3.0},{"damage":16.0,"enemies":"Hexaghost","floor":16.0,"turns":7.0},{"damage":12.0,"enemies":"Chosen","floor":18.0,"turns":5.0},{"damage":17.0,"enemies":"3 Byrds","floor":19.0,"turns":4.0},{"damage":14.0,"enemies":"Shelled Parasite and Fungi","floor":21.0,"turns":2.0},{"damage":7.0,"enemies":"Gremlin Leader","floor":24.0,"turns":6.0},{"damage":22.0,"enemies":"Cultist and Chosen","floor":27.0,"turns":5.0},{"damage":18.0,"enemies":"Slavers","floor":28.0,"turns":3.0},{"damage":0.0,"enemies":"Snecko","floor":31.0,"turns":3.0},{"damage":30.0,"enemies":"Collector","floor":33.0,"turns":6.0},{"damage":9.0,"enemies":"3 Darklings","floor":35.0,"turns":2.0},{"damage":4.0,"enemies":"Orb Walker","floor":36.0,"turns":4.0},{"damage":31.0,"enemies":"4 Shapes","floor":39.0,"turns":6.0},{"damage":0.0,"enemies":"Giant Head","floor":41.0,"turns":5.0},{"damage":26.0,"enemies":"3 Darklings","floor":42.0,"turns":4.0},{"damage":32.0,"enemies":"Nemesis","floor":47.0,"turns":5.0},{"damage":0.0,"enemies":"Maw","floor":48.0,"turns":4.0},{"damage":82,"enemies":"Awakened One","floor":50,"turns":5}],"seed_played":"5339515708462724493","potions_obtained":[{"floor":1.0,"key":"Energy Potion"},{"floor":11.0,"key":"ColorlessPotion"},{"floor":13.0,"key":"Regen Potion"},{"floor":14.0,"key":"BlessingOfTheForge"},{"floor":16.0,"key":"LiquidMemories"},{"floor":18.0,"key":"SpeedPotion"},{"floor":19.0,"key":"EssenceOfSteel"},{"floor":21.0,"key":"FearPotion"},{"floor":24.0,"key":"SkillPotion"},{"floor":27.0,"key":"Explosive Potion"},{"floor":28.0,"key":"Strength Potion"},{"floor":31.0,"key":"Weak Potion"},{"floor":33.0,"key":"Ancient Potion"},{"floor":41.0,"key":"Ambrosia"},{"floor":42.0,"key":"Energy Potion"},{"floor":47.0,"key":"LiquidMemories"},{"floor":48.0,"key":"Explosive Potion"}],"is_trial":false,"path_per_floor":["M","?","?","M","M","R","E","T","T","R","M","?","E","M","R","B",null,"M","M","$","M","$","R","E","R","T","M","E","R","$","M","R","B",null,"M","M","$","?","M","R","E","M","T","$","R","$","E","M","R","B"],"character_chosen":"WATCHER","items_purchased":["TalkToTheHand","Mummified Hand","Wireheading","WindmillStrike","Crescendo","Wireheading","Scrawl"],"campfire_rested":4,"item_purchase_floors":[20,20,22,22,30,37,44],"current_hp_per_floor":[65,51,44,43,43,43,39,39,39,39,29,29,23,17,38,22,60,62,45,45,31,31,52,45,45,45,35,29,50,50,50,50,32,62,53,49,49,49,30,30,42,28,28,28,49,49,29,41,41,0],"gold":60,"neow_bonus":"RANDOM_COLORLESS","is_prod":false,"is_daily":false,"chose_seed":false,"campfire_upgraded":2,"win_rate":0,"timestamp":1625160678,"path_taken":["M","?","?","M","M","R","E","?","T","R","M","?","E","M","R","BOSS","M","?","$","M","?","R","E","R","T","M","E","R","$","M","R","BOSS","M","M","?","?","?","R","E","M","T","$","R","?","E","M","R","BOSS"],"build_version":"2020-12-22","purchased_purges":2,"victory":false,"max_hp_per_floor":[72,72,72,72,72,72,72,72,72,72,72,72,72,72,72,72,72,72,72,72,72,72,72,72,72,72,72,72,72,72,72,72,72,72,72,72,72,72,72,72,72,72,72,72,72,72,72,72,72,72],"card_choices":[{"not_picked":["Jack Of All Trades","Enlightenment"],"picked":"Forethought","floor":0.0},{"not_picked":["Protect","BowlingBash"],"picked":"FlurryOfBlows","floor":1.0},{"not_picked":["ThirdEye","JustLucky"],"picked":"FollowUp","floor":4.0},{"not_picked":["SashWhip","Conclude"],"picked":"Adaptation","floor":5.0},{"not_picked":["EmptyBody","WindmillStrike"],"picked":"FlyingSleeves","floor":7.0},{"not_picked":["SignatureMove","PathToVictory"],"picked":"Brilliance","floor":11.0},{"not_picked":["Fasting2","WaveOfTheHand"],"picked":"FlurryOfBlows","floor":13.0},{"not_picked":["Crescendo","Evaluate"],"picked":"Protect","floor":14.0},{"not_picked":["ConjureBlade","LessonLearned"],"picked":"Blasphemy","floor":16.0},{"not_picked":["CarveReality","FlyingSleeves"],"picked":"FlurryOfBlows","floor":18.0},{"not_picked":["CrushJoints","ForeignInfluence+1"],"picked":"EmptyFist","floor":19.0},{"not_picked":["Consecrate","FlurryOfBlows"],"picked":"EmptyMind+1","floor":21.0},{"not_picked":["Evaluate","InnerPeace"],"picked":"CarveReality","floor":24.0},{"not_picked":["Adaptation","ClearTheMind"],"picked":"CutThroughFate","floor":27.0},{"not_picked":["Weave","CarveReality"],"picked":"Prostrate+1","floor":28.0},{"not_picked":["EmptyBody","PathToVictory"],"picked":"Devotion","floor":31.0},{"not_picked":["ReachHeaven","ThirdEye+1"],"picked":"TalkToTheHand+1","floor":35.0},{"not_picked":["Swivel","Crescendo+1","EmptyBody"],"picked":"SKIP","floor":36.0},{"not_picked":["TalkToTheHand","WheelKick"],"picked":"ThirdEye","floor":39.0},{"not_picked":["FlyingSleeves","Prostrate","Protect"],"picked":"SKIP","floor":41.0},{"not_picked":["CrushJoints","Sanctity"],"picked":"MentalFortress+1","floor":42.0},{"not_picked":["Vengeance+1","WaveOfTheHand+1"],"picked":"ClearTheMind+1","floor":47.0},{"not_picked":["DeceiveReality+1","Protect+1","Consecrate"],"picked":"SKIP","floor":48.0}],"player_experience":417323,"relics_obtained":[{"floor":8.0,"key":"White Beast Statue"},{"floor":9.0,"key":"Girya"},{"floor":13.0,"key":"Shuriken"},{"floor":24.0,"key":"StoneCalendar"},{"floor":26.0,"key":"Meat on the Bone"},{"floor":28.0,"key":"Darkstone Periapt"},{"floor":41.0,"key":"War Paint"},{"floor":47.0,"key":"Potion Belt"}],"event_choices":[{"damage_healed":0.0,"max_hp_gain":0.0,"max_hp_loss":0.0,"gold_gain":0.0,"event_name":"Shining Light","player_choice":"Entered Light","floor":2.0,"gold_loss":0.0,"damage_taken":14.0,"cards_upgraded":["Defend_P","Defend_P"]},{"cards_removed":["Defend_P"],"damage_healed":0.0,"max_hp_gain":0.0,"max_hp_loss":0.0,"gold_gain":0.0,"event_name":"Golden Wing","player_choice":"Card Removal","floor":3.0,"gold_loss":0.0,"damage_taken":7.0},{"damage_healed":0.0,"max_hp_gain":0.0,"max_hp_loss":0.0,"gold_gain":100.0,"event_name":"Golden Shrine","player_choice":"Pray","floor":12.0,"gold_loss":0.0,"damage_taken":0.0},{"damage_healed":0.0,"max_hp_gain":0.0,"max_hp_loss":0.0,"gold_gain":0.0,"cards_transformed":["WindmillStrike"],"event_name":"Transmorgrifier","player_choice":"Transformed","floor":38.0,"gold_loss":0.0,"damage_taken":0.0,"cards_obtained":["EmptyBody"]}],"is_beta":false,"boss_relics":[{"not_picked":["Ectoplasm","Snecko Eye"],"picked":"Astrolabe"},{"not_picked":["HolyWater","Pandora\u0027s Box"],"picked":"Empty Cage"}],"items_purged_floors":[30,44],"is_endless":false,"potions_floor_spawned":[1,11,13,14,16,18,19,21,24,27,28,31,33,35,36,39,41,42,47,48],"killed_by":"Awakened One","ascension_level":6}