{"gold_per_floor":[116,116,126,6,6,6,41,55,106,122,122,133,146,165,165,266,266,285,285,317,317,337,367,382,382,407,422,455,3,32,46,46,148,148,167,178,178,190,150,185,198,47,47,72,72,103,117,135,135,135],"floor_reached":51,"playtime":3346,"items_purged":["Strike_P","Defend_P"],"score":1216,"play_id":"4c5c27ee-a347-4c79-9fa2-622d12e84a71","local_time":"20210705153156","is_ascension_mode":true,"campfire_choices":[{"data":"ThirdEye","floor":6.0,"key":"SMITH"},{"data":"Worship","floor":11.0,"key":"SMITH"},{"floor":15.0,"key":"REST"},{"floor":25.0,"key":"REST"},{"floor":32.0,"key":"REST"},{"floor":49,"key":"REST"}],"neow_cost":"PERCENT_DAMAGE","seed_source_timestamp":1734174151313200,"circlet_count":0,"master_deck":["Eruption+1","Vigilance+1","FlurryOfBlows","Brilliance","FollowUp","ThirdEye+1","Crescendo+1","Adaptation","Worship+1","Tantrum+1","Halt","EmptyBody+1","Devotion","CutThroughFate","EmptyFist+1","SandsOfTime+1","CutThroughFate+1","MentalFortress+1","ClearTheMind+1","LessonLearned","Nirvana+1","Omniscience","MentalFortress+1","Brilliance","Nirvana","Adaptation+1","LikeWater"],"special_seed":0,"relics":["PureWater","Toy Ornithopter","Damaru","Fusion Hammer","Red Mask","Blood Vial","Omamori","PreservedInsect","Sling","InkBottle","Empty Cage","Kunai","Dream Catcher","Darkstone Periapt"],"potions_floor_usage":[40,47,47,48,50],"damage_taken":[{"damage":0.0,"enemies":"Small Slimes","floor":1.0,"turns":2.0},{"damage":12.0,"enemies":"Jaw Worm","floor":3.0,"turns":3.0},{"damage":34.0,"enemies":"Gremlin Nob","floor":7.0,"turns":3.0},{"damage":0.0,"enemies":"Cultist","floor":8.0,"turns":5.0},{"damage":1.0,"enemies":"Gremlin Gang","floor":10.0,"turns":4.0},{"damage":5.0,"enemies":"Looter","floor":12.0,"turns":2.0},{"damage":0.0,"enemies":"Blue Slaver","floor":13.0,"turns":2.0},{"damage":7.0,"enemies":"Exordium Wildlife","floor":14.0,"turns":2.0},{"damage":12.0,"enemies":"The Guardian","floor":16.0,"turns":11.0},{"damage":6.0,"enemies":"3 Byrds","floor":18.0,"turns":3.0},{"damage":1.0,"enemies":"Masked Bandits","floor":20.0,"turns":3.0},{"damage":2.0,"enemies":"2 Thieves","floor":22.0,"turns":2.0},{"damage":2.0,"enemies":"Slavers","floor":23.0,"turns":4.0},{"damage":0.0,"enemies":"3 Cultists","floor":24.0,"turns":4.0},{"damage":14.0,"enemies":"Snake Plant","floor":27.0,"turns":4.0},{"damage":12.0,"enemies":"Book of Stabbing","floor":28.0,"turns":5.0},{"damage":0.0,"enemies":"Gremlin Leader","floor":30.0,"turns":4.0},{"damage":12.0,"enemies":"Snecko","floor":31.0,"turns":5.0},{"damage":0.0,"enemies":"Champ","floor":33.0,"turns":8.0},{"damage":1.0,"enemies":"3 Shapes","floor":35.0,"turns":4.0},{"damage":35.0,"enemies":"3 Darklings","floor":36.0,"turns":5.0},{"damage":19,"enemies":"Spire Growth","floor":38,"turns":3},{"damage":17,"enemies":"Reptomancer","floor":40,"turns":6},{"damage":0,"enemies":"Transient","floor":41,"turns":5},{"damage":5,"enemies":"Giant Head","floor":44,"turns":4},{"damage":8,"enemies":"Nemesis","floor":46,"turns":3},{"damage":30,"enemies":"Maw","floor":47,"turns":5},{"damage":13,"enemies":"Sphere and 2 Shapes","floor":48,"turns":5},{"damage":19,"enemies":"Donu and Deca","floor":50,"turns":5}],"seed_played":"3345280597459261838","potions_obtained":[{"floor":1.0,"key":"ColorlessPotion"},{"floor":7.0,"key":"Regen Potion"},{"floor":8.0,"key":"Swift Potion"},{"floor":16.0,"key":"Explosive Potion"},{"floor":20.0,"key":"BlessingOfTheForge"},{"floor":22.0,"key":"ColorlessPotion"},{"floor":28.0,"key":"AttackPotion"},{"floor":30.0,"key":"EntropicBrew"},{"floor":33.0,"key":"CultistPotion"},{"floor":38,"key":"Block Potion"},{"floor":40,"key":"BlessingOfTheForge"}],"is_trial":false,"path_per_floor":["M","?","M","$","?","R","E","M","T","M","R","M","M","M","R","B",null,"M","?","?","?","M","E","M","R","T","M","E","$","E","M","R","B",null,"M","M","?","M","?","E","M","$","T","E","?","E","M","M","R","B",null],"character_chosen":"WATCHER","items_purchased":["Crescendo","LessonLearned","Sling","Block Potion","Brilliance","Nirvana"],"campfire_rested":4,"item_purchase_floors":[4,29,29,29,42,42],"current_hp_per_floor":[47,47,35,35,35,35,1,20,20,24,24,19,19,12,33,21,59,53,53,52,52,55,58,60,72,72,58,48,48,50,45,66,68,71,71,37,82,63,63,53,55,55,55,52,52,46,28,22,46,34],"gold":135,"neow_bonus":"TRANSFORM_TWO_CARDS","is_prod":false,"is_daily":false,"chose_seed":false,"campfire_upgraded":2,"win_rate":0,"timestamp":1625513516,"path_taken":["M","?","M","$","?","R","E","?","T","M","R","M","M","?","R","BOSS","M","?","?","?","M","E","M","R","T","M","E","$","E","?","R","BOSS","M","M","?","?","?","E","?","$","T","E","?","E","M","M","R","BOSS"],"build_version":"2020-12-22","purchased_purges":2,"victory":true,"max_hp_per_floor":[72,72,72,72,72,72,72,72,72,72,72,72,72,72,72,72,72,72,72,72,72,72,72,72,72,72,72,72,72,72,72,72,72,72,72,72,82,82,82,82,82,82,82,82,82,82,82,82,82,82],"card_choices":[{"not_picked":["Wireheading","Halt"],"picked":"FollowUp","floor":1.0},{"not_picked":["FollowUp","Prostrate"],"picked":"ThirdEye","floor":3.0},{"not_picked":["Fasting2","LessonLearned"],"picked":"Adaptation","floor":7.0},{"not_picked":["CarveReality","Crescendo","Consecrate"],"picked":"SKIP","floor":8.0},{"not_picked":["Weave","PathToVictory"],"picked":"Worship","floor":10.0},{"not_picked":["MasterReality","CrushJoints"],"picked":"Tantrum","floor":12.0},{"not_picked":["Consecrate","FollowUp"],"picked":"Halt","floor":13.0},{"not_picked":["WaveOfTheHand","PathToVictory"],"picked":"EmptyBody","floor":14.0},{"not_picked":["Vault","Alpha"],"picked":"Devotion","floor":16.0},{"not_picked":["FlyingSleeves","Nirvana+1"],"picked":"CutThroughFate","floor":18.0},{"not_picked":["Worship","BattleHymn","Crescendo"],"picked":"SKIP","floor":22.0},{"not_picked":["Protect","InnerPeace"],"picked":"SandsOfTime+1","floor":23.0},{"not_picked":["EmptyBody+1","CarveReality+1"],"picked":"CutThroughFate+1","floor":24.0},{"not_picked":["PathToVictory","Adaptation"],"picked":"MentalFortress","floor":27.0},{"not_picked":["Collect","Ragnarok"],"picked":"ClearTheMind","floor":28.0},{"not_picked":["Consecrate","Prostrate"],"picked":"Nirvana+1","floor":30.0},{"not_picked":["ThirdEye","Halt","Prostrate+1"],"picked":"SKIP","floor":31.0},{"not_picked":["DevaForm","MasterReality"],"picked":"Omniscience","floor":33.0},{"not_picked":["Swivel+1","ClearTheMind+1","FollowUp"],"picked":"SKIP","floor":35.0},{"not_picked":["Halt","CrushJoints+1","JustLucky"],"picked":"SKIP","floor":36.0},{"not_picked":["SignatureMove","ThirdEye+1"],"picked":"FlyingSleeves+1","floor":38},{"not_picked":["Adaptation","ThirdEye+1","Study"],"picked":"SKIP","floor":40},{"not_picked":["CutThroughFate","ThirdEye"],"picked":"MentalFortress+1","floor":41},{"not_picked":["Consecrate","Protect","FollowUp+1"],"picked":"SKIP","floor":44},{"not_picked":["ClearTheMind+1","CrushJoints","Evaluate"],"picked":"SKIP","floor":46},{"not_picked":["EmptyFist+1","Crescendo+1","Adaptation+1"],"picked":"SKIP","floor":47},{"not_picked":["EmptyFist+1","Crescendo+1"],"picked":"Adaptation+1","floor":47},{"not_picked":["Blasphemy","FollowUp+1","Evaluate+1"],"picked":"SKIP","floor":48},{"not_picked":["BowlingBash+1","FearNoEvil"],"picked":"LikeWater","floor":49}],"player_experience":437078,"relics_obtained":[{"floor":7.0,"key":"Toy Ornithopter"},{"floor":9.0,"key":"Damaru"},{"floor":20.0,"key":"Red Mask"},{"floor":23.0,"key":"Blood Vial"},{"floor":26.0,"key":"Omamori"},{"floor":28.0,"key":"PreservedInsect"},{"floor":30.0,"key":"InkBottle"},{"floor":40,"key":"Kunai"},{"floor":44,"key":"Dream Catcher"},{"floor":46,"key":"Darkstone Periapt"}],"event_choices":[{"damage_healed":0.0,"max_hp_gain":0.0,"max_hp_loss":0.0,"gold_gain":0.0,"cards_transformed":["Strike_P"],"event_name":"Living Wall","player_choice":"Change","floor":2.0,"gold_loss":0.0,"damage_taken":0.0,"cards_obtained":["BowlingBash"]},{"damage_healed":0.0,"max_hp_gain":0.0,"max_hp_loss":0.0,"gold_gain":0.0,"event_name":"Upgrade Shrine","player_choice":"Upgraded","floor":5.0,"gold_loss":0.0,"damage_taken":0.0,"cards_upgraded":["Eruption"]},{"damage_healed":0.0,"max_hp_gain":0.0,"max_hp_loss":0.0,"gold_gain":0.0,"cards_transformed":["Defend_P","Strike_P"],"event_name":"Drug Dealer","player_choice":"Became Test Subject","floor":19.0,"gold_loss":0.0,"damage_taken":0.0,"cards_obtained":["SpiritShield","EmptyFist"]},{"damage_healed":0.0,"max_hp_gain":0.0,"max_hp_loss":0.0,"gold_gain":0.0,"event_name":"Masked Bandits","player_choice":"Fought Bandits","floor":20.0,"gold_loss":0.0,"damage_taken":0.0},{"damage_healed":0.0,"max_hp_gain":0.0,"max_hp_loss":0.0,"gold_gain":0.0,"event_name":"Ghosts","player_choice":"Ignored","floor":21.0,"gold_loss":0.0,"damage_taken":0.0},{"cards_removed":["SpiritShield"],"damage_healed":35.0,"max_hp_gain":10.0,"max_hp_loss":0.0,"gold_gain":0.0,"event_name":"Bonfire Elementals","player_choice":"Offered Rare","floor":37.0,"gold_loss":0.0,"damage_taken":0.0},{"damage_healed":0,"gold_gain":0,"player_choice":"Upgraded Two","damage_taken":0,"max_hp_gain":0,"max_hp_loss":0,"event_name":"Designer","floor":39,"gold_loss":40,"cards_upgraded":["EmptyBody","Vigilance"]},{"cards_removed":["FlyingSleeves"],"damage_healed":0,"gold_gain":0,"player_choice":"Removed Attack","damage_taken":0,"max_hp_gain":0,"max_hp_loss":0,"event_name":"Falling","floor":45,"gold_loss":0}],"is_beta":false,"boss_relics":[{"not_picked":["Snecko Eye","Cursed Key"],"picked":"Fusion Hammer"},{"not_picked":["SacredBark","Tiny House"],"picked":"Empty Cage"}],"items_purged_floors":[4,29],"is_endless":false,"potions_floor_spawned":[1,7,8,16,20,22,28,30,33,38,40,41],"ascension_level":8}