{"gold_per_floor":[219,18,18,36,52,52,86,86,109,141,158,158,175,189,189,288,288,303,378,36,52,67,92,92,105,105,105,105],"floor_reached":28,"playtime":1425,"items_purged":["Strike_P","Defend_P"],"score":400,"play_id":"bd12b3f0-4780-4a47-8232-832b63d8152b","local_time":"20210712220516","is_ascension_mode":true,"campfire_choices":[{"data":"SandsOfTime","floor":6,"key":"SMITH"},{"data":"EmptyFist","floor":8,"key":"SMITH"},{"floor":15,"key":"REST"},{"floor":24,"key":"REST"},{"floor":27,"key":"REST"}],"neow_cost":"NONE","seed_source_timestamp":406702646884600,"circlet_count":0,"master_deck":["AscendersBane","Strike_P","Strike_P","Defend_P","Defend_P","Defend_P","Eruption","Vigilance","FlyingSleeves","SandsOfTime+1","Crescendo+1","EmptyFist+1","FlurryOfBlows","Crescendo+1","Vault","MentalFortress","EmptyBody","Establishment","InnerPeace","Adaptation+1","FlurryOfBlows","Protect","FlurryOfBlows"],"relics":["PureWater","War Paint","Nunchaku","Dream Catcher","Runic Pyramid","Kunai","Prayer Wheel","Bottled Lightning"],"potions_floor_usage":[16,21,22],"damage_taken":[{"damage":10,"enemies":"Cultist","floor":1,"turns":6},{"damage":3,"enemies":"2 Louse","floor":4,"turns":3},{"damage":0,"enemies":"Jaw Worm","floor":5,"turns":3},{"damage":2,"enemies":"Lagavulin","floor":7,"turns":5},{"damage":16,"enemies":"Gremlin Nob","floor":10,"turns":3},{"damage":10,"enemies":"Large Slime","floor":11,"turns":3},{"damage":1,"enemies":"Exordium Thugs","floor":13,"turns":3},{"damage":9,"enemies":"Exordium Wildlife","floor":14,"turns":3},{"damage":29,"enemies":"Slime Boss","floor":16,"turns":12},{"damage":0,"enemies":"Chosen","floor":18,"turns":4},{"damage":5,"enemies":"3 Byrds","floor":21,"turns":5},{"damage":17,"enemies":"Snake Plant","floor":22,"turns":4},{"damage":24,"enemies":"Gremlin Leader","floor":23,"turns":5},{"damage":17,"enemies":"Chosen and Byrds","floor":25,"turns":6},{"damage":43,"enemies":"Slavers","floor":28,"turns":3}],"seed_played":"-8639343589310020922","potions_obtained":[{"floor":5,"key":"Energy Potion"},{"floor":7,"key":"GamblersBrew"},{"floor":18,"key":"PowerPotion"},{"floor":25,"key":"BottledMiracle"}],"is_trial":false,"path_per_floor":["M","$","?","M","M","R","E","R","T","E","M","?","M","M","R","B",null,"M","?","$","M","M","E","R","M","T","R","E"],"character_chosen":"WATCHER","items_purchased":["SandsOfTime","Crescendo","Kunai"],"campfire_rested":3,"item_purchase_floors":[2,2,20],"current_hp_per_floor":[55,55,60,57,57,57,55,55,55,39,29,29,28,19,42,13,61,61,54,54,49,32,8,31,14,14,37,0],"gold":105,"neow_bonus":"HUNDRED_GOLD","is_prod":false,"is_daily":false,"chose_seed":false,"campfire_upgraded":2,"win_rate":0,"timestamp":1626141916,"path_taken":["M","$","?","M","M","R","E","R","T","E","M","?","M","M","R","BOSS","M","?","$","M","?","E","R","M","T","R","E"],"build_version":"2020-12-22","purchased_purges":2,"victory":false,"max_hp_per_floor":[72,72,77,77,77,77,77,77,77,77,77,77,77,77,77,77,77,77,77,77,77,77,77,77,77,77,77,77],"card_choices":[{"not_picked":["ClearTheMind","Nirvana"],"picked":"FlyingSleeves","floor":1},{"not_picked":["Swivel","FollowUp"],"picked":"EmptyFist","floor":4},{"not_picked":["Weave","ClearTheMind"],"picked":"FlurryOfBlows","floor":5},{"not_picked":["BowlingBash","JustLucky"],"picked":"Crescendo","floor":7},{"not_picked":["Weave","Consecrate"],"picked":"Vault","floor":10},{"not_picked":["Worship","Halt","CrushJoints"],"picked":"SKIP","floor":11},{"not_picked":["Prostrate","FlyingSleeves","JustLucky"],"picked":"SKIP","floor":13},{"not_picked":["Crescendo","BowlingBash"],"picked":"EmptyBody","floor":14},{"not_picked":["SpiritShield","ConjureBlade"],"picked":"Establishment","floor":16},{"not_picked":["Prostrate","EmptyFist","Halt"],"picked":"SKIP","floor":18},{"not_picked":["EmptyFist","Prostrate+1"],"picked":"InnerPeace","floor":21},{"not_picked":["ClearTheMind","WheelKick"],"picked":"Adaptation+1","floor":22},{"not_picked":["Evaluate","Establishment","WaveOfTheHand"],"picked":"SKIP","floor":23},{"not_picked":["PathToVictory","ForeignInfluence"],"picked":"FlurryOfBlows","floor":25},{"not_picked":["Conclude","FlyingSleeves"],"picked":"Protect","floor":25},{"not_picked":["SashWhip","CrushJoints"],"picked":"FlurryOfBlows","floor":27}],"player_experience":458385,"relics_obtained":[{"floor":7,"key":"War Paint"},{"floor":9,"key":"Nunchaku"},{"floor":10,"key":"Dream Catcher"},{"floor":23,"key":"Prayer Wheel"},{"floor":26,"key":"Bottled Lightning"}],"event_choices":[{"damage_healed":0,"gold_gain":0,"player_choice":"Donut","damage_taken":0,"max_hp_gain":5,"max_hp_loss":0,"event_name":"Big Fish","floor":3,"gold_loss":0},{"damage_healed":0,"gold_gain":0,"cards_transformed":["Strike_P"],"player_choice":"Change","damage_taken":0,"max_hp_gain":0,"max_hp_loss":0,"event_name":"Living Wall","floor":12,"gold_loss":0,"cards_obtained":["MentalFortress"]},{"damage_healed":0,"gold_gain":75,"player_choice":"Touch","damage_taken":7,"max_hp_gain":0,"max_hp_loss":0,"event_name":"FaceTrader","floor":19,"gold_loss":0}],"is_beta":false,"boss_relics":[{"not_picked":["SacredBark","Astrolabe"],"picked":"Runic Pyramid"}],"items_purged_floors":[2,20],"is_endless":false,"potions_floor_spawned":[5,7,14,18,25],"killed_by":"Slavers","ascension_level":12}