{"gold_per_floor":[117,130,147,158,168,200,216,216,216,235,235,248,16,31,31,107,107,122,137,149,149,149,149,49,49,49,83,83,117,117,137,137,137],"floor_reached":33,"playtime":2247,"items_purged":["Strike_P","Defend_P"],"score":567,"play_id":"05a8e970-d738-4d38-adbd-b1b09618e54c","local_time":"20210904103318","is_ascension_mode":true,"campfire_choices":[{"data":"Eruption","floor":8.0,"key":"SMITH"},{"floor":11.0,"key":"REST"},{"data":"CutThroughFate","floor":15.0,"key":"SMITH"},{"data":"Adaptation","floor":23,"key":"SMITH"},{"data":"Ghostly","floor":25,"key":"SMITH"},{"data":"Ghostly","floor":30,"key":"SMITH"},{"data":"Ghostly","floor":32,"key":"SMITH"}],"neow_cost":"NONE","seed_source_timestamp":0,"circlet_count":0,"master_deck":["AscendersBane","Strike_P","Defend_P","Defend_P","Eruption+1","Vigilance","CutThroughFate+1","SashWhip","Weave","Wireheading","Crescendo","Halt","EmptyMind","Indignation","Vault","Adaptation+1","JustLucky","Evaluate","Ghostly+1","Ghostly+1","Ghostly+1","ThirdEye+1","CutThroughFate","EmptyBody"],"special_seed":0,"relics":["Sozu","Potion Belt","Pantograph","Lee\u0027s Waffle","Empty Cage","Strawberry","White Beast Statue"],"potions_floor_usage":[],"damage_taken":[{"damage":7.0,"enemies":"Small Slimes","floor":1.0,"turns":5.0},{"damage":0.0,"enemies":"Jaw Worm","floor":2.0,"turns":3.0},{"damage":0.0,"enemies":"2 Louse","floor":3.0,"turns":4.0},{"damage":0.0,"enemies":"Blue Slaver","floor":4.0,"turns":3.0},{"damage":0.0,"enemies":"Lots of Slimes","floor":5.0,"turns":3.0},{"damage":20.0,"enemies":"Lagavulin","floor":6.0,"turns":5.0},{"damage":1.0,"enemies":"Looter","floor":7.0,"turns":4.0},{"damage":20.0,"enemies":"3 Louse","floor":10.0,"turns":3.0},{"damage":7.0,"enemies":"2 Fungi Beasts","floor":12.0,"turns":3.0},{"damage":36.0,"enemies":"Gremlin Gang","floor":14.0,"turns":6.0},{"damage":63.0,"enemies":"Hexaghost","floor":16.0,"turns":9.0},{"damage":13,"enemies":"3 Byrds","floor":18,"turns":6},{"damage":19,"enemies":"Chosen","floor":19,"turns":4},{"damage":0,"enemies":"Centurion and Healer","floor":20,"turns":5},{"damage":3,"enemies":"Slavers","floor":27,"turns":7},{"damage":14,"enemies":"Gremlin Leader","floor":29,"turns":6},{"damage":0,"enemies":"Chosen and Byrds","floor":31,"turns":5},{"damage":45,"enemies":"Collector","floor":33,"turns":8}],"seed_played":"-8354190530773190977","potions_obtained":[],"is_trial":false,"path_per_floor":["M","M","M","M","M","E","M","R","T","M","R","M","$","M","R","B",null,"M","M","M","?","?","R","$","R","T","E","?","E","R","M","R","B"],"character_chosen":"WATCHER","items_purchased":["Lee\u0027s Waffle"],"campfire_rested":1,"item_purchase_floors":[13],"current_hp_per_floor":[54,54,54,54,54,34,33,33,33,13,33,26,75,39,39,1,57,44,25,25,25,25,25,25,25,25,29,29,15,15,15,15,0],"gold":137,"neow_bonus":"BOSS_RELIC","is_prod":false,"is_daily":false,"chose_seed":false,"campfire_upgraded":6,"win_rate":0,"timestamp":1630765998,"path_taken":["M","M","M","M","M","E","M","R","T","M","R","M","$","M","R","BOSS","M","M","M","?","?","R","$","R","T","E","?","E","R","M","R","BOSS"],"build_version":"2020-12-22","purchased_purges":2,"victory":false,"max_hp_per_floor":[68,68,68,68,68,68,68,68,68,68,68,68,75,75,75,75,75,75,75,75,37,37,37,37,37,37,44,44,44,44,44,44,44],"card_choices":[{"not_picked":["Crescendo","JustLucky"],"picked":"CutThroughFate","floor":1.0},{"not_picked":["Crescendo","Halt","PathToVictory"],"picked":"SKIP","floor":2.0},{"not_picked":["DeceiveReality","Halt"],"picked":"SashWhip","floor":3.0},{"not_picked":["Crescendo","SignatureMove"],"picked":"Weave","floor":4.0},{"not_picked":["Protect","Crescendo"],"picked":"Wireheading","floor":5.0},{"not_picked":["Halt","Consecrate"],"picked":"Crescendo","floor":6.0},{"not_picked":["SpiritShield","WreathOfFlame"],"picked":"Halt","floor":7.0},{"not_picked":["CrushJoints","Prostrate","SignatureMove"],"picked":"SKIP","floor":10.0},{"not_picked":["Protect","EmptyBody"],"picked":"EmptyMind","floor":12.0},{"not_picked":["PathToVictory","Prostrate"],"picked":"Indignation","floor":14.0},{"not_picked":["Omniscience","Judgement"],"picked":"Vault","floor":16.0},{"not_picked":["SashWhip","TalkToTheHand"],"picked":"Adaptation","floor":18},{"not_picked":["SashWhip","PathToVictory"],"picked":"JustLucky","floor":19},{"not_picked":["CrushJoints","EmptyFist"],"picked":"Evaluate","floor":20},{"not_picked":["FearNoEvil","Nirvana"],"picked":"ThirdEye+1","floor":27},{"not_picked":["DeceiveReality","ConjureBlade"],"picked":"CutThroughFate","floor":29},{"not_picked":["ThirdEye","Evaluate+1"],"picked":"EmptyBody","floor":31}],"player_experience":806885,"relics_obtained":[{"floor":6.0,"key":"Potion Belt"},{"floor":9.0,"key":"Pantograph"},{"floor":27,"key":"Strawberry"},{"floor":29,"key":"White Beast Statue"}],"event_choices":[{"damage_healed":0,"gold_gain":0,"player_choice":"Became a Ghost","damage_taken":0,"max_hp_gain":0,"max_hp_loss":38,"event_name":"Ghosts","floor":21,"gold_loss":0,"cards_obtained":["Ghostly","Ghostly","Ghostly"]},{"cards_removed":["Strike_P"],"damage_healed":0,"gold_gain":0,"player_choice":"Elegance","damage_taken":0,"max_hp_gain":0,"max_hp_loss":0,"event_name":"Back to Basics","floor":22,"gold_loss":0}],"is_beta":false,"boss_relics":[{"not_picked":["Runic Dome","Busted Crown"],"picked":"Empty Cage"}],"items_purged_floors":[13,24],"is_endless":false,"potions_floor_spawned":[4,5,6,10,18,20,31],"killed_by":"Collector","ascension_level":19}