{"gold_per_floor":[114,39,58,73,88,88,119,119,119,152,179,202,214,257,269,356,368,392,404,445,469,268,308,308,348,400,400,400,427,465,492,492,574,574,593,615,629,693,703,740,740,781,781,807,838,838,847,847,847,847,847,847,48,73,73],"floor_reached":56,"playtime":3715,"items_purged":["Strike_P","Strike_P","Strike_P"],"score":2536,"play_id":"9ff72329-719c-45aa-a3de-2d18afab9e1b","local_time":"20210901220931","is_ascension_mode":true,"campfire_choices":[{"data":"EmptyFist","floor":6.0,"key":"SMITH"},{"data":"TalkToTheHand","floor":8.0,"key":"SMITH"},{"data":"Sanctity","floor":13.0,"key":"SMITH"},{"data":"Adaptation","floor":15.0,"key":"SMITH"},{"data":"Wireheading","floor":24.0,"key":"SMITH"},{"data":"Vault","floor":28.0,"key":"SMITH"},{"floor":32.0,"key":"REST"},{"data":"Scrawl","floor":41.0,"key":"SMITH"},{"data":"Tantrum","floor":46.0,"key":"SMITH"},{"floor":49.0,"key":"RECALL"},{"data":"ClearTheMind","floor":52.0,"key":"SMITH"}],"neow_cost":"NONE","seed_source_timestamp":641573989482600,"circlet_count":0,"master_deck":["AscendersBane","Strike_P","Defend_P","Defend_P","Defend_P","Defend_P","Eruption+1","Vigilance","FlyingSleeves","TalkToTheHand+1","EmptyFist+1","CrushJoints","FlurryOfBlows","Sanctity+1","Sanctity","Adaptation+1","Vault+1","Protect","Tantrum+1","FearNoEvil","Wireheading+1","ThirdEye+1","InnerPeace","Evaluate+1","ClearTheMind+1","Scrawl+1","Prostrate+1","CutThroughFate+1","Protect+1","BowlingBash+1","FlurryOfBlows","FearNoEvil","Panacea"],"special_seed":0,"relics":["PureWater","InkBottle","Yang","MawBank","Centennial Puzzle","VioletLotus","Red Mask","CeramicFish","Potion Belt","Pen Nib","GoldenEye","Runic Dome","FossilizedHelix","Pantograph","Pear","Shuriken","Omamori","Darkstone Periapt","Ice Cream","TheAbacus","Akabeko","Orichalcum"],"potions_floor_usage":[54,55,55,55],"damage_taken":[{"damage":0.0,"enemies":"Cultist","floor":1.0,"turns":4.0},{"damage":0.0,"enemies":"2 Louse","floor":3.0,"turns":2.0},{"damage":4.0,"enemies":"Jaw Worm","floor":4.0,"turns":4.0},{"damage":6.0,"enemies":"Red Slaver","floor":5.0,"turns":3.0},{"damage":0.0,"enemies":"Gremlin Nob","floor":7.0,"turns":2.0},{"damage":1.0,"enemies":"3 Sentries","floor":10.0,"turns":2.0},{"damage":7.0,"enemies":"3 Louse","floor":11.0,"turns":3.0},{"damage":0.0,"enemies":"Blue Slaver","floor":12.0,"turns":2.0},{"damage":18.0,"enemies":"Lagavulin","floor":14.0,"turns":4.0},{"damage":13.0,"enemies":"Hexaghost","floor":16.0,"turns":7.0},{"damage":10.0,"enemies":"Spheric Guardian","floor":18.0,"turns":5.0},{"damage":0.0,"enemies":"Masked Bandits","floor":20.0,"turns":2.0},{"damage":0.0,"enemies":"Shell Parasite","floor":21.0,"turns":3.0},{"damage":1.0,"enemies":"Gremlin Leader","floor":23.0,"turns":4.0},{"damage":14.0,"enemies":"Slavers","floor":25.0,"turns":4.0},{"damage":1.0,"enemies":"3 Cultists","floor":29.0,"turns":4.0},{"damage":0.0,"enemies":"Gremlin Leader","floor":30.0,"turns":5.0},{"damage":0.0,"enemies":"Chosen and Byrds","floor":31.0,"turns":4.0},{"damage":20.0,"enemies":"Champ","floor":33.0,"turns":10.0},{"damage":0.0,"enemies":"3 Shapes","floor":35.0,"turns":3.0},{"damage":11.0,"enemies":"3 Darklings","floor":36.0,"turns":4.0},{"damage":0.0,"enemies":"Sphere and 2 Shapes","floor":37.0,"turns":3.0},{"damage":18.0,"enemies":"2 Orb Walkers","floor":38.0,"turns":6.0},{"damage":0.0,"enemies":"4 Shapes","floor":39.0,"turns":6.0},{"damage":0.0,"enemies":"Nemesis","floor":40.0,"turns":6.0},{"damage":0.0,"enemies":"Reptomancer","floor":42.0,"turns":4.0},{"damage":0.0,"enemies":"Maw","floor":44.0,"turns":3.0},{"damage":0.0,"enemies":"Giant Head","floor":45.0,"turns":3.0},{"damage":0.0,"enemies":"Donu and Deca","floor":50.0,"turns":6.0},{"damage":20,"enemies":"Shield and Spear","floor":54,"turns":5},{"damage":8,"enemies":"The Heart","floor":55,"turns":5}],"seed_played":"4722789688657391379","potions_obtained":[{"floor":1.0,"key":"SteroidPotion"},{"floor":5.0,"key":"FearPotion"},{"floor":11.0,"key":"Ambrosia"},{"floor":20.0,"key":"Energy Potion"},{"floor":25.0,"key":"PowerPotion"},{"floor":30.0,"key":"FearPotion"},{"floor":31.0,"key":"Regen Potion"},{"floor":39.0,"key":"DistilledChaos"},{"floor":40.0,"key":"CultistPotion"}],"is_trial":false,"path_per_floor":["M","$","M","M","M","R","E","R","T","E","M","M","R","E","R","B",null,"M","?","?","M","$","E","R","E","T","T","R","M","E","M","R","B",null,"M","M","M","?","M","E","R","E","T","M","E","R","?","T","R","B",null,"R","$","E","B",null],"character_chosen":"WATCHER","items_purchased":["EntropicBrew","Ice Cream","TheAbacus","Akabeko"],"campfire_rested":1,"item_purchase_floors":[22,53,53,53],"current_hp_per_floor":[61,61,61,57,51,51,51,51,51,50,43,43,43,25,25,12,54,44,44,44,44,44,43,43,29,29,29,29,28,28,28,48,28,58,58,59,59,41,41,41,41,51,51,51,51,51,51,51,51,76,78,78,78,58,70],"gold":73,"neow_bonus":"UPGRADE_CARD","is_prod":false,"is_daily":false,"chose_seed":false,"campfire_upgraded":9,"win_rate":0,"timestamp":1630548571,"path_taken":["M","?","M","M","M","R","E","R","T","E","M","M","R","E","R","BOSS","M","?","?","M","$","E","R","E","T","?","R","M","E","M","R","BOSS","M","M","M","?","M","E","R","E","T","M","E","R","?","?","R","BOSS","R","$","E","BOSS"],"build_version":"2020-12-22","purchased_purges":3,"victory":true,"max_hp_per_floor":[68,68,68,68,68,68,68,68,68,68,68,68,68,68,68,68,68,68,68,68,68,68,68,68,68,68,68,68,68,68,68,68,68,68,68,68,68,68,68,68,68,78,78,78,78,78,78,78,78,78,78,78,78,78,78],"card_choices":[{"not_picked":["Prostrate","ReachHeaven"],"picked":"FlyingSleeves","floor":1.0},{"not_picked":["WheelKick","EmptyBody"],"picked":"TalkToTheHand","floor":3.0},{"not_picked":["EmptyBody","BowlingBash"],"picked":"EmptyFist","floor":4.0},{"not_picked":["SignatureMove","EmptyFist"],"picked":"CrushJoints","floor":5.0},{"not_picked":["Omniscience","Protect"],"picked":"FlurryOfBlows","floor":7.0},{"not_picked":["BowlingBash","PathToVictory","CrushJoints"],"picked":"SKIP","floor":10.0},{"not_picked":["ClearTheMind","BattleHymn"],"picked":"Sanctity","floor":11.0},{"not_picked":["Prostrate","BattleHymn"],"picked":"Sanctity","floor":12.0},{"not_picked":["ForeignInfluence","Nirvana"],"picked":"Adaptation","floor":14.0},{"not_picked":["LessonLearned","Blasphemy"],"picked":"Vault","floor":16.0},{"not_picked":["Halt","PathToVictory"],"picked":"Protect","floor":18.0},{"not_picked":["Halt","Worship"],"picked":"Tantrum","floor":20.0},{"not_picked":["Conclude","EmptyFist"],"picked":"FearNoEvil","floor":21.0},{"not_picked":["Indignation","ClearTheMind"],"picked":"Wireheading","floor":23.0},{"not_picked":["Indignation","Worship"],"picked":"ThirdEye+1","floor":25.0},{"not_picked":["DeusExMachina","PathToVictory"],"picked":"InnerPeace","floor":29.0},{"not_picked":["Conclude","FollowUp+1"],"picked":"Evaluate+1","floor":30.0},{"not_picked":["CarveReality","ThirdEye"],"picked":"ClearTheMind","floor":31.0},{"not_picked":["Establishment","MasterReality"],"picked":"Scrawl","floor":33.0},{"not_picked":["Protect+1","EmptyBody"],"picked":"Prostrate+1","floor":35.0},{"not_picked":["Consecrate","Prostrate"],"picked":"CutThroughFate+1","floor":36.0},{"not_picked":["ClearTheMind","CutThroughFate","PathToVictory"],"picked":"SKIP","floor":37.0},{"not_picked":["ClearTheMind","Establishment"],"picked":"Protect+1","floor":38.0},{"not_picked":["ReachHeaven","EmptyFist","Swivel"],"picked":"SKIP","floor":39.0},{"not_picked":["JustLucky","EmptyBody"],"picked":"BowlingBash+1","floor":40.0},{"not_picked":["Perseverance","SashWhip"],"picked":"FlurryOfBlows","floor":42.0},{"not_picked":["Consecrate","SashWhip"],"picked":"FearNoEvil","floor":44.0},{"not_picked":["ForeignInfluence+1","ClearTheMind","EmptyFist"],"picked":"SKIP","floor":45.0},{"not_picked":["Deep Breath","Transmutation"],"picked":"Panacea","floor":47.0},{"not_picked":["Worship","FlurryOfBlows","SignatureMove"],"picked":"SKIP","floor":54}],"player_experience":792527,"relics_obtained":[{"floor":7.0,"key":"InkBottle"},{"floor":9.0,"key":"Yang"},{"floor":10.0,"key":"MawBank"},{"floor":14.0,"key":"Centennial Puzzle"},{"floor":20.0,"key":"Red Mask"},{"floor":23.0,"key":"CeramicFish"},{"floor":25.0,"key":"Potion Belt"},{"floor":27.0,"key":"Pen Nib"},{"floor":30.0,"key":"GoldenEye"},{"floor":38.0,"key":"FossilizedHelix"},{"floor":40.0,"key":"Pantograph"},{"floor":42.0,"key":"Pear"},{"floor":43.0,"key":"Shuriken"},{"floor":45.0,"key":"Omamori"},{"floor":48.0,"key":"Darkstone Periapt"},{"floor":54,"key":"Orichalcum"}],"event_choices":[{"damage_healed":0.0,"max_hp_gain":0.0,"max_hp_loss":0.0,"gold_gain":0.0,"event_name":"Cursed Tome","player_choice":"Ignored","floor":19.0,"gold_loss":0.0,"damage_taken":0.0},{"damage_healed":0.0,"max_hp_gain":0.0,"max_hp_loss":0.0,"gold_gain":0.0,"event_name":"Masked Bandits","player_choice":"Fought Bandits","floor":20.0,"gold_loss":0.0,"damage_taken":0.0},{"damage_healed":0.0,"max_hp_gain":0.0,"max_hp_loss":0.0,"gold_gain":0.0,"event_name":"Mysterious Sphere","player_choice":"Fight","floor":38.0,"gold_loss":0.0,"damage_taken":0.0},{"damage_healed":0.0,"max_hp_gain":0.0,"max_hp_loss":0.0,"gold_gain":0.0,"event_name":"SensoryStone","player_choice":"Memory 1","floor":47.0,"gold_loss":0.0,"damage_taken":0.0}],"is_beta":false,"boss_relics":[{"not_picked":["Ectoplasm","Snecko Eye"],"picked":"VioletLotus"},{"not_picked":["Cursed Key","Calling Bell"],"picked":"Runic Dome"}],"items_purged_floors":[2,22,53],"is_endless":false,"potions_floor_spawned":[1,5,11,12,14,20,25,30,31,33,35,39,40,42],"ascension_level":18}