{"gold_per_floor":[159,176,11,11,32,57,95,121,121,152,37,77,96,119,119,210,210,223,223,246,260,275,275,290,328,382,416,416,416,416],"floor_reached":30,"playtime":1845,"items_purged":["Strike_P"],"score":764,"play_id":"cb0efddc-082a-4914-9eba-603f039ada5a","local_time":"20210902210241","is_ascension_mode":true,"campfire_choices":[{"data":"Eruption","floor":15.0,"key":"SMITH"},{"data":"Adaptation","floor":23.0,"key":"SMITH"},{"data":"EmptyMind","floor":29.0,"key":"SMITH"}],"neow_cost":"NONE","seed_source_timestamp":17805348970700,"circlet_count":0,"master_deck":["AscendersBane","Strike_P+1","Defend_P","Defend_P","Defend_P","Defend_P","Eruption+1","Vigilance","FollowUp","Tantrum","FlurryOfBlows","SashWhip","EmptyFist","InnerPeace","Halt","FearNoEvil","EmptyMind+1","ThirdEye","Protect","EmptyBody","SpiritShield","Adaptation+1","ConjureBlade","SignatureMove","ClearTheMind","Sanctity","Tantrum","CutThroughFate"],"special_seed":0,"relics":["Tiny House","Bag of Preparation","Golden Idol","Question Card","Odd Mushroom","FossilizedHelix","CaptainsWheel","Meat on the Bone","VioletLotus","Oddly Smooth Stone","Strawberry","Bottled Tornado"],"potions_floor_usage":[30],"damage_taken":[{"damage":6.0,"enemies":"Jaw Worm","floor":1.0,"turns":4.0},{"damage":1.0,"enemies":"Small Slimes","floor":2.0,"turns":4.0},{"damage":0.0,"enemies":"Cultist","floor":5.0,"turns":2.0},{"damage":0.0,"enemies":"Large Slime","floor":6.0,"turns":3.0},{"damage":0.0,"enemies":"Gremlin Nob","floor":7.0,"turns":2.0},{"damage":0.0,"enemies":"The Mushroom Lair","floor":8.0,"turns":2.0},{"damage":0.0,"enemies":"Lagavulin","floor":10.0,"turns":4.0},{"damage":12.0,"enemies":"3 Sentries","floor":12.0,"turns":9.0},{"damage":0.0,"enemies":"Blue Slaver","floor":13.0,"turns":2.0},{"damage":0.0,"enemies":"Red Slaver","floor":14.0,"turns":2.0},{"damage":42.0,"enemies":"Hexaghost","floor":16.0,"turns":11.0},{"damage":0.0,"enemies":"2 Thieves","floor":18.0,"turns":3.0},{"damage":6.0,"enemies":"Chosen","floor":20.0,"turns":7.0},{"damage":0.0,"enemies":"Centurion and Healer","floor":21.0,"turns":5.0},{"damage":8.0,"enemies":"Snake Plant","floor":22.0,"turns":4.0},{"damage":6.0,"enemies":"3 Cultists","floor":24.0,"turns":4.0},{"damage":0.0,"enemies":"Slavers","floor":25.0,"turns":4.0},{"damage":0.0,"enemies":"Book of Stabbing","floor":27.0,"turns":3.0},{"damage":45,"enemies":"Gremlin Leader","floor":30,"turns":7}],"seed_played":"-1892966286436507362","potions_obtained":[{"floor":0.0,"key":"SneckoOil"},{"floor":1.0,"key":"Energy Potion"},{"floor":7.0,"key":"StancePotion"},{"floor":10.0,"key":"DuplicationPotion"},{"floor":16.0,"key":"SmokeBomb"},{"floor":18.0,"key":"BlessingOfTheForge"},{"floor":24.0,"key":"FearPotion"},{"floor":27.0,"key":"BottledMiracle"}],"is_trial":false,"path_per_floor":["M","M","$","?","M","M","E","?","T","E","$","E","M","M","R","B",null,"M","?","M","M","M","R","M","E","T","E","?","R","E"],"character_chosen":"WATCHER","items_purchased":["Bag of Preparation","EmptyMind"],"campfire_rested":0,"item_purchase_floors":[3,11],"current_hp_per_floor":[60,59,59,59,59,59,59,59,59,59,59,47,47,47,47,17,54,54,54,48,48,40,40,34,34,41,41,41,41,0],"gold":416,"neow_bonus":"BOSS_RELIC","is_prod":false,"is_daily":false,"chose_seed":false,"campfire_upgraded":3,"win_rate":0,"timestamp":1630630961,"path_taken":["M","M","$","?","M","M","E","?","T","E","$","E","M","?","R","BOSS","M","?","M","M","M","R","M","E","T","E","?","R","E"],"build_version":"2020-12-22","purchased_purges":1,"victory":false,"max_hp_per_floor":[73,73,73,66,66,66,66,66,66,66,66,66,66,66,66,66,66,66,66,66,66,66,66,66,66,73,73,73,73,73],"card_choices":[{"not_picked":["ForeignInfluence","Sanctity"],"picked":"FollowUp","floor":0.0},{"not_picked":["JustLucky","SashWhip"],"picked":"Tantrum","floor":1.0},{"not_picked":["MentalFortress","Evaluate"],"picked":"FlurryOfBlows","floor":2.0},{"not_picked":["CrushJoints","Evaluate"],"picked":"SashWhip","floor":5.0},{"not_picked":["FollowUp","SpiritShield"],"picked":"EmptyFist","floor":6.0},{"not_picked":["EmptyMind","Protect"],"picked":"InnerPeace","floor":7.0},{"not_picked":["EmptyFist","FlyingSleeves","BowlingBash"],"picked":"Halt","floor":8.0},{"not_picked":["BowlingBash","FlyingSleeves","Swivel"],"picked":"FearNoEvil","floor":10.0},{"not_picked":["Study","Consecrate","CarveReality"],"picked":"ThirdEye","floor":12.0},{"not_picked":["Weave","EmptyFist","WaveOfTheHand"],"picked":"Protect","floor":13.0},{"not_picked":["BowlingBash","Collect","EmptyFist"],"picked":"EmptyBody","floor":14.0},{"not_picked":["MasterReality","Alpha","ConjureBlade"],"picked":"SpiritShield","floor":16.0},{"not_picked":["Collect+1","EmptyBody","Protect"],"picked":"Adaptation","floor":18.0},{"not_picked":["EmptyFist","JustLucky","Consecrate"],"picked":"ClearTheMind","floor":20.0},{"not_picked":["BowlingBash","WindmillStrike+1","ForeignInfluence"],"picked":"Sanctity","floor":21.0},{"not_picked":["Fasting2","Study","Worship+1","FollowUp+1"],"picked":"SKIP","floor":22.0},{"not_picked":["Crescendo","MasterReality","EmptyFist"],"picked":"Tantrum","floor":24.0},{"not_picked":["FlyingSleeves","BowlingBash","FearNoEvil"],"picked":"CutThroughFate","floor":25.0},{"not_picked":["BowlingBash","Weave","EmptyFist","Protect"],"picked":"SKIP","floor":27.0},{"not_picked":["BowlingBash","Weave","EmptyFist","Protect"],"picked":"SKIP","floor":27.0}],"player_experience":802775,"relics_obtained":[{"floor":7.0,"key":"Question Card"},{"floor":8.0,"key":"Odd Mushroom"},{"floor":9.0,"key":"FossilizedHelix"},{"floor":10.0,"key":"CaptainsWheel"},{"floor":12.0,"key":"Meat on the Bone"},{"floor":25.0,"key":"Oddly Smooth Stone"},{"floor":26.0,"key":"Strawberry"},{"floor":27.0,"key":"Bottled Tornado"}],"event_choices":[{"damage_healed":0.0,"max_hp_gain":0.0,"max_hp_loss":7.0,"gold_gain":0.0,"event_name":"Golden Idol","player_choice":"Lose Max HP","floor":4.0,"gold_loss":0.0,"damage_taken":0.0,"relics_obtained":["Golden Idol"]},{"damage_healed":0.0,"max_hp_gain":0.0,"max_hp_loss":0.0,"gold_gain":0.0,"event_name":"Mushrooms","player_choice":"Fought Mushrooms","floor":8.0,"gold_loss":0.0,"damage_taken":0.0},{"damage_healed":0.0,"max_hp_gain":0.0,"max_hp_loss":0.0,"gold_gain":0.0,"cards_transformed":["Strike_P","Strike_P"],"event_name":"Drug Dealer","player_choice":"Became Test Subject","floor":19.0,"gold_loss":0.0,"damage_taken":0.0,"cards_obtained":["ConjureBlade","SignatureMove"]},{"damage_healed":0.0,"max_hp_gain":0.0,"max_hp_loss":0.0,"gold_gain":0.0,"event_name":"The Mausoleum","player_choice":"Ignored","floor":28.0,"gold_loss":0.0,"damage_taken":0.0}],"is_beta":false,"boss_relics":[{"not_picked":["Fusion Hammer","Pandora\u0027s Box"],"picked":"VioletLotus"}],"items_purged_floors":[11],"is_endless":false,"potions_floor_spawned":[1,7,10,14,16,18,22,24,27],"killed_by":"Gremlin Leader","ascension_level":19}