{"gold_per_floor":[112,131,148,167,137,168,168,203,254,284,302,316,69,69,69,142,142,159,159,172,172,172],"floor_reached":22,"playtime":967,"items_purged":["Strike_P"],"score":499,"play_id":"06656018-7284-433c-b01b-486d0711b0fa","local_time":"20210904015050","is_ascension_mode":true,"campfire_choices":[{"floor":7,"key":"REST"},{"floor":15,"key":"REST"}],"neow_cost":"NONE","seed_source_timestamp":122738755790200,"circlet_count":0,"master_deck":["AscendersBane","Strike_P+1","Strike_P+1","Strike_P+1","Defend_P+1","Defend_P+1","Defend_P+1","Defend_P+1","Eruption","Vigilance","EmptyBody","Consecrate","CutThroughFate","MentalFortress","Consecrate","FearNoEvil","JustLucky","CutThroughFate","Conclude","FlurryOfBlows","Wireheading+1","Meditate","Blasphemy","InnerPeace"],"relics":["PureWater","NeowsBlessing","Pantograph","Frozen Egg 2","Pen Nib","Regal Pillow","Orrery","VioletLotus"],"potions_floor_usage":[6,8,10,11,11,12,22],"damage_taken":[{"damage":0,"enemies":"2 Louse","floor":1,"turns":1},{"damage":0,"enemies":"Cultist","floor":2,"turns":1},{"damage":0,"enemies":"Small Slimes","floor":3,"turns":1},{"damage":11,"enemies":"2 Fungi Beasts","floor":4,"turns":4},{"damage":29,"enemies":"Gremlin Nob","floor":6,"turns":4},{"damage":8,"enemies":"3 Sentries","floor":8,"turns":5},{"damage":4,"enemies":"Gremlin Nob","floor":10,"turns":3},{"damage":3,"enemies":"Gremlin Gang","floor":11,"turns":3},{"damage":7,"enemies":"3 Louse","floor":12,"turns":2},{"damage":0,"enemies":"Slime Boss","floor":16,"turns":5},{"damage":21,"enemies":"Spheric Guardian","floor":18,"turns":4},{"damage":5,"enemies":"Chosen","floor":20,"turns":5},{"damage":44,"enemies":"Snecko","floor":22,"turns":7}],"seed_played":"-5080593741525674520","potions_obtained":[{"floor":2,"key":"SpeedPotion"},{"floor":5,"key":"DistilledChaos"},{"floor":8,"key":"DistilledChaos"},{"floor":10,"key":"EntropicBrew"},{"floor":11,"key":"LiquidMemories"},{"floor":12,"key":"BottledMiracle"}],"is_trial":false,"path_per_floor":["M","M","M","M","?","E","R","E","T","E","M","M","$","?","R","B",null,"M","?","M","?","M"],"character_chosen":"WATCHER","items_purchased":["Orrery"],"campfire_rested":2,"item_purchase_floors":[13],"current_hp_per_floor":[61,61,61,50,50,21,41,33,33,29,26,19,19,19,54,68,68,47,47,42,42,0],"gold":172,"neow_bonus":"THREE_ENEMY_KILL","is_prod":false,"is_daily":false,"chose_seed":false,"campfire_upgraded":0,"win_rate":0,"timestamp":1630734650,"path_taken":["M","M","M","M","?","E","R","E","T","E","?","M","$","?","R","BOSS","M","?","M","?","M"],"build_version":"2020-12-22","purchased_purges":1,"victory":false,"max_hp_per_floor":[68,68,68,68,68,68,68,68,68,68,68,68,68,68,68,68,68,68,68,68,68,68],"card_choices":[{"not_picked":["Pray","Collect"],"picked":"EmptyBody","floor":1},{"not_picked":["ThirdEye","JustLucky"],"picked":"Consecrate","floor":2},{"not_picked":["TalkToTheHand","MentalFortress"],"picked":"CutThroughFate","floor":3},{"not_picked":["Crescendo","CrushJoints"],"picked":"MentalFortress","floor":4},{"not_picked":["Crescendo","Pray"],"picked":"Consecrate","floor":6},{"not_picked":["WheelKick","DeceiveReality"],"picked":"FearNoEvil","floor":8},{"not_picked":["ForeignInfluence","ReachHeaven"],"picked":"JustLucky","floor":10},{"not_picked":["PathToVictory","Wallop"],"picked":"CutThroughFate","floor":11},{"not_picked":["MentalFortress+1","BowlingBash"],"picked":"Conclude","floor":12},{"not_picked":["Halt","ForeignInfluence"],"picked":"FlurryOfBlows","floor":13},{"not_picked":["MasterReality+1","Protect"],"picked":"Wireheading+1","floor":13},{"not_picked":["EmptyBody","DeusExMachina"],"picked":"Meditate","floor":13},{"not_picked":["DeusExMachina","ConjureBlade"],"picked":"Blasphemy","floor":16},{"not_picked":["FlyingSleeves","CarveReality"],"picked":"InnerPeace","floor":18},{"not_picked":["Conclude","FlyingSleeves","CarveReality"],"picked":"SKIP","floor":20}],"player_experience":805918,"relics_obtained":[{"floor":6,"key":"Pantograph"},{"floor":8,"key":"Frozen Egg 2"},{"floor":9,"key":"Pen Nib"},{"floor":10,"key":"Regal Pillow"}],"event_choices":[{"damage_healed":0,"gold_gain":0,"player_choice":"Bought 2 Potions","damage_taken":0,"max_hp_gain":0,"max_hp_loss":0,"event_name":"The Woman in Blue","floor":5,"gold_loss":0},{"damage_healed":0,"gold_gain":0,"player_choice":"Ignored","damage_taken":0,"max_hp_gain":0,"max_hp_loss":0,"event_name":"Liars Game","floor":14,"gold_loss":0},{"damage_healed":0,"gold_gain":0,"player_choice":"Ignored","damage_taken":0,"max_hp_gain":0,"max_hp_loss":0,"event_name":"The Mausoleum","floor":19,"gold_loss":0},{"damage_healed":0,"gold_gain":0,"player_choice":"Simplicity","damage_taken":0,"max_hp_gain":0,"max_hp_loss":0,"event_name":"Back to Basics","floor":21,"gold_loss":0,"cards_upgraded":["Strike_P","Strike_P","Strike_P","Defend_P","Defend_P","Defend_P","Defend_P"]}],"is_beta":false,"boss_relics":[{"not_picked":["Astrolabe","Cursed Key"],"picked":"VioletLotus"}],"items_purged_floors":[13],"is_endless":false,"potions_floor_spawned":[2,8,10,11,12,18],"killed_by":"Snecko","ascension_level":19}