{"gold_per_floor":[15,30,40,5,16,16,41,41,41,60,60,87,87,106,106,181,181,194,208,208,133,144,144,144,144,194,229,246,66,66,85,85,161,161,174,81,99,116,126,126,160,160,160,190,29,46,2,27,27,27],"floor_reached":51,"playtime":2568,"items_purged":["Strike_P+1","Strike_P+1"],"score":1440,"play_id":"9ccbd7a1-c15c-44ed-9629-fb80aae205c1","local_time":"20211001000437","is_ascension_mode":true,"campfire_choices":[{"data":"EmptyFist","floor":6,"key":"SMITH"},{"data":"SandsOfTime","floor":8,"key":"SMITH"},{"data":"Conclude","floor":11,"key":"SMITH"},{"data":"Eruption","floor":15,"key":"SMITH"},{"data":"Vigilance","floor":23,"key":"SMITH"},{"data":"ClearTheMind","floor":25,"key":"SMITH"},{"data":"MentalFortress","floor":32,"key":"SMITH"},{"data":"1","floor":40,"key":"LIFT"},{"data":"2","floor":42,"key":"LIFT"},{"data":"3","floor":49,"key":"LIFT"}],"neow_cost":"NO_GOLD","seed_source_timestamp":1201993959681900,"circlet_count":0,"master_deck":["AscendersBane","Defend_P+1","Defend_P+1","Defend_P+1","Eruption+1","Vigilance+1","Conclude+1","EmptyFist+1","SandsOfTime+1","ClearTheMind+1","Tantrum","CutThroughFate+1","Halt+1","CutThroughFate+1","TalkToTheHand+1","Sanctity+1","FlurryOfBlows+1","Meditate","MentalFortress+1","FlurryOfBlows","Omniscience+1","ThirdEye+1","TalkToTheHand+1","Wireheading","Wireheading","Weave+1"],"relics":["PureWater","Nunchaku","Singing Bowl","Meat on the Bone","Coffee Dripper","Nilry\u0027s Codex","Omamori","Centennial Puzzle","Calling Bell","War Paint","Mummified Hand","Girya","Ginger","Question Card","Toy Ornithopter","Whetstone","Lee\u0027s Waffle"],"potions_floor_usage":[7,33,33,50],"damage_taken":[{"damage":1,"enemies":"Cultist","floor":1,"turns":4},{"damage":12,"enemies":"Jaw Worm","floor":2,"turns":3},{"damage":2,"enemies":"Small Slimes","floor":3,"turns":3},{"damage":1,"enemies":"Red Slaver","floor":5,"turns":2},{"damage":8,"enemies":"Gremlin Nob","floor":7,"turns":3},{"damage":10,"enemies":"Gremlin Gang","floor":10,"turns":3},{"damage":10,"enemies":"3 Sentries","floor":12,"turns":4},{"damage":4,"enemies":"Exordium Wildlife","floor":14,"turns":2},{"damage":20,"enemies":"Hexaghost","floor":16,"turns":6},{"damage":21,"enemies":"2 Thieves","floor":18,"turns":3},{"damage":0,"enemies":"Spheric Guardian","floor":19,"turns":2},{"damage":5,"enemies":"Chosen and Byrds","floor":22,"turns":4},{"damage":14,"enemies":"Book of Stabbing","floor":27,"turns":4},{"damage":21,"enemies":"Shelled Parasite and Fungi","floor":28,"turns":2},{"damage":0,"enemies":"3 Cultists","floor":31,"turns":3},{"damage":22,"enemies":"Champ","floor":33,"turns":8},{"damage":12,"enemies":"3 Darklings","floor":35,"turns":3},{"damage":15,"enemies":"3 Shapes","floor":37,"turns":6},{"damage":0,"enemies":"Transient","floor":38,"turns":6},{"damage":9,"enemies":"3 Darklings","floor":39,"turns":3},{"damage":23,"enemies":"Nemesis","floor":41,"turns":7},{"damage":5,"enemies":"Reptomancer","floor":44,"turns":4},{"damage":8,"enemies":"Writhing Mass","floor":46,"turns":4},{"damage":0,"enemies":"Mind Bloom Boss Battle","floor":48,"turns":3},{"damage":7,"enemies":"Awakened One","floor":50,"turns":9}],"seed_played":"7326461774099018109","potions_obtained":[{"floor":1,"key":"BottledMiracle"},{"floor":2,"key":"GamblersBrew"},{"floor":10,"key":"FairyPotion"},{"floor":28,"key":"GamblersBrew"},{"floor":31,"key":"Weak Potion"},{"floor":41,"key":"Block Potion"},{"floor":44,"key":"BottledMiracle"},{"floor":46,"key":"DuplicationPotion"}],"is_trial":false,"path_per_floor":["M","M","M","?","M","R","E","R","T","M","R","E","?","M","R","B",null,"M","M","?","$","M","R","?","R","T","E","M","$","?","M","R","B",null,"M","?","M","M","M","R","E","R","T","E","$","M","$","?","R","B",null],"character_chosen":"WATCHER","items_purchased":["MentalFortress","Lee\u0027s Waffle","Wireheading"],"campfire_rested":0,"item_purchase_floors":[29,45,47],"current_hp_per_floor":[60,48,46,63,62,62,54,54,54,44,44,36,36,44,44,38,64,43,43,43,43,38,38,17,17,17,15,33,33,33,45,45,35,63,53,53,38,38,43,43,34,34,34,43,87,79,79,79,79,77],"gold":27,"neow_bonus":"REMOVE_TWO","is_prod":false,"is_daily":false,"chose_seed":false,"campfire_upgraded":7,"win_rate":0,"timestamp":1633061077,"path_taken":["M","M","?","?","M","R","E","R","T","M","R","E","?","?","R","BOSS","M","M","?","?","M","R","?","R","T","E","?","$","?","?","R","BOSS","M","?","?","M","?","R","E","R","T","E","?","M","$","?","R","BOSS"],"build_version":"2020-12-22","purchased_purges":2,"victory":true,"max_hp_per_floor":[68,68,68,68,68,68,68,68,68,68,68,70,70,70,70,72,72,72,72,72,72,72,72,72,72,72,72,72,72,72,72,72,72,72,74,74,74,74,76,76,78,78,78,80,87,87,87,87,87,87],"card_choices":[{"not_picked":["Consecrate","BowlingBash"],"picked":"Conclude","floor":1},{"not_picked":["Halt","ClearTheMind"],"picked":"EmptyFist","floor":2},{"not_picked":["Vengeance","EmptyBody"],"picked":"SandsOfTime","floor":3},{"not_picked":["Worship","BowlingBash"],"picked":"ClearTheMind","floor":5},{"not_picked":["LikeWater","Halt"],"picked":"Tantrum","floor":7},{"not_picked":["SashWhip","FollowUp"],"picked":"CutThroughFate","floor":10},{"not_picked":["SignatureMove","Prostrate","Wish"],"picked":"Singing Bowl","floor":12},{"not_picked":["EmptyBody","WaveOfTheHand"],"picked":"Halt","floor":14},{"not_picked":["Ragnarok","MasterReality","Alpha"],"picked":"Singing Bowl","floor":16},{"not_picked":["InnerPeace","Halt"],"picked":"CutThroughFate+1","floor":18},{"not_picked":["Weave","ClearTheMind"],"picked":"TalkToTheHand","floor":19},{"not_picked":["Nirvana+1","ClearTheMind"],"picked":"Sanctity+1","floor":22},{"not_picked":["CrushJoints","Consecrate"],"picked":"FlurryOfBlows","floor":27},{"not_picked":["CrushJoints","ClearTheMind"],"picked":"Meditate","floor":28},{"not_picked":["Evaluate","Study"],"picked":"FlurryOfBlows","floor":31},{"not_picked":["Vault","Ragnarok"],"picked":"Omniscience","floor":33},{"not_picked":["DeceiveReality","SignatureMove","BowlingBash+1"],"picked":"Singing Bowl","floor":35},{"not_picked":["Halt","SashWhip"],"picked":"ThirdEye+1","floor":37},{"not_picked":["Prostrate","Consecrate+1"],"picked":"TalkToTheHand+1","floor":38},{"not_picked":["Protect+1","FlurryOfBlows","Halt+1"],"picked":"Singing Bowl","floor":39},{"not_picked":["SashWhip","CrushJoints","FearNoEvil"],"picked":"Singing Bowl","floor":41},{"not_picked":["Protect+1","FollowUp+1","WindmillStrike","DeusExMachina"],"picked":"Singing Bowl","floor":44},{"not_picked":["Prostrate","SandsOfTime","Protect"],"picked":"Wireheading","floor":46},{"not_picked":["JustLucky+1","BattleHymn+1","FlurryOfBlows"],"picked":"Weave+1","floor":48}],"player_experience":944862,"relics_obtained":[{"floor":7,"key":"Nunchaku"},{"floor":9,"key":"Singing Bowl"},{"floor":12,"key":"Meat on the Bone"},{"floor":24,"key":"Nilry\u0027s Codex"},{"floor":26,"key":"Omamori"},{"floor":27,"key":"Centennial Puzzle"},{"floor":34,"key":"War Paint"},{"floor":34,"key":"Mummified Hand"},{"floor":34,"key":"Girya"},{"floor":41,"key":"Question Card"},{"floor":43,"key":"Toy Ornithopter"},{"floor":44,"key":"Whetstone"}],"event_choices":[{"damage_healed":17,"gold_gain":0,"player_choice":"Healed","damage_taken":0,"max_hp_gain":0,"max_hp_loss":0,"event_name":"The Cleric","floor":4,"gold_loss":35},{"damage_healed":0,"gold_gain":0,"player_choice":"Upgraded","damage_taken":0,"max_hp_gain":0,"max_hp_loss":0,"event_name":"Upgrade Shrine","floor":13,"gold_loss":0,"cards_upgraded":["CutThroughFate"]},{"damage_healed":0,"gold_gain":0,"player_choice":"Simplicity","damage_taken":0,"max_hp_gain":0,"max_hp_loss":0,"event_name":"Back to Basics","floor":20,"gold_loss":0,"cards_upgraded":["Strike_P","Strike_P","Strike_P","Defend_P","Defend_P","Defend_P"]},{"damage_healed":0,"gold_gain":0,"player_choice":"Obtained Book","damage_taken":21,"max_hp_gain":0,"max_hp_loss":0,"event_name":"Cursed Tome","floor":24,"gold_loss":0},{"cards_removed":["Strike_P"],"damage_healed":0,"gold_gain":0,"player_choice":"Purged","damage_taken":0,"max_hp_gain":0,"max_hp_loss":0,"event_name":"Purifier","floor":30,"gold_loss":0},{"damage_healed":0,"gold_gain":0,"player_choice":"Paid Gold","damage_taken":0,"relics_obtained":["Ginger"],"max_hp_gain":0,"max_hp_loss":0,"event_name":"WeMeetAgain","floor":36,"gold_loss":93},{"damage_healed":0,"gold_gain":0,"player_choice":"Fight","damage_taken":0,"max_hp_gain":0,"max_hp_loss":0,"event_name":"MindBloom","floor":48,"gold_loss":0}],"is_beta":false,"boss_relics":[{"not_picked":["SacredBark","Cursed Key"],"picked":"Coffee Dripper"},{"not_picked":["Pandora\u0027s Box","Fusion Hammer"],"picked":"Calling Bell"}],"items_purged_floors":[21,29],"is_endless":false,"potions_floor_spawned":[1,2,10,12,19,28,31,41,44,46],"ascension_level":19}