{"gold_per_floor":[114,124,49,49,65,65,104,104,128,163,163,186,200,223,223,316,316,334,350,350],"floor_reached":20,"playtime":1106,"items_purged":["Defend_P"],"score":372,"play_id":"7cc5ecd4-9ffe-46c2-91c6-7d7630c37965","local_time":"20220804001604","is_ascension_mode":true,"campfire_choices":[{"data":"Adaptation","floor":6.0,"key":"SMITH"},{"data":"Eruption","floor":8.0,"key":"SMITH"},{"data":"Adaptation","floor":15,"key":"SMITH"}],"neow_cost":"NONE","seed_source_timestamp":81791430344800,"circlet_count":0,"master_deck":["AscendersBane","Strike_P","Strike_P","Strike_P","Strike_P","Defend_P","Defend_P","Eruption+1","Vigilance","CarveReality","Adaptation+1","SashWhip","Vault","FlyingSleeves","EmptyMind","Adaptation+1","Halt"],"special_seed":0,"relics":["PureWater","NeowsBlessing","Golden Idol","Oddly Smooth Stone","Regal Pillow","Black Star"],"potions_floor_usage":[19],"damage_taken":[{"damage":0.0,"enemies":"Small Slimes","floor":1.0,"turns":2.0},{"damage":0.0,"enemies":"Jaw Worm","floor":2.0,"turns":1.0},{"damage":0.0,"enemies":"Cultist","floor":5.0,"turns":1.0},{"damage":2.0,"enemies":"3 Sentries","floor":7.0,"turns":4.0},{"damage":5.0,"enemies":"Lagavulin","floor":10.0,"turns":6.0},{"damage":12.0,"enemies":"Large Slime","floor":12.0,"turns":5.0},{"damage":0.0,"enemies":"Looter","floor":13.0,"turns":3.0},{"damage":7,"enemies":"Exordium Thugs","floor":14,"turns":5},{"damage":34,"enemies":"The Guardian","floor":16,"turns":15},{"damage":6,"enemies":"3 Byrds","floor":18,"turns":5},{"damage":29,"enemies":"Shell Parasite","floor":19,"turns":4},{"damage":34,"enemies":"3 Cultists","floor":20,"turns":6}],"seed_played":"-5606864466871000139","potions_obtained":[{"floor":1.0,"key":"DistilledChaos"},{"floor":2.0,"key":"Fire Potion"},{"floor":13.0,"key":"Regen Potion"}],"is_trial":false,"path_per_floor":["M","M","$","?","M","R","E","R","T","E","?","M","M","M","R","B",null,"M","M","M"],"character_chosen":"WATCHER","items_purchased":[],"campfire_rested":0,"item_purchase_floors":[],"current_hp_per_floor":[61,61,61,61,61,61,59,59,59,54,54,42,42,35,35,1,47,41,24,0],"gold":350,"neow_bonus":"THREE_ENEMY_KILL","is_prod":false,"is_daily":false,"chose_seed":false,"campfire_upgraded":3,"win_rate":0,"timestamp":1659586564,"path_taken":["M","M","$","?","M","R","E","R","T","E","?","M","M","M","R","BOSS","M","M","?"],"build_version":"2022-03-07","purchased_purges":1,"victory":false,"max_hp_per_floor":[68,68,68,62,62,62,62,62,62,62,62,62,62,62,62,62,62,62,62,62],"card_choices":[{"not_picked":["Worship","CrushJoints"],"picked":"CarveReality","floor":1.0},{"not_picked":["LikeWater","Tantrum"],"picked":"Adaptation","floor":2.0},{"not_picked":["FlurryOfBlows","ThirdEye"],"picked":"SashWhip","floor":5.0},{"not_picked":["FlurryOfBlows","Prostrate"],"picked":"Vault","floor":7.0},{"not_picked":["Protect","Wallop","Prostrate"],"picked":"SKIP","floor":10.0},{"not_picked":["Perseverance","Swivel"],"picked":"EmptyMind","floor":12.0},{"not_picked":["EmptyBody","PathToVictory"],"picked":"Adaptation","floor":13.0},{"not_picked":["CrushJoints","ThirdEye"],"picked":"Halt","floor":14},{"not_picked":["FollowUp","Halt","Consecrate"],"picked":"SKIP","floor":18},{"not_picked":["EmptyBody","ThirdEye+1","PathToVictory"],"picked":"SKIP","floor":19}],"player_experience":1106209,"relics_obtained":[{"floor":7.0,"key":"Oddly Smooth Stone"},{"floor":10.0,"key":"Regal Pillow"}],"event_choices":[{"damage_healed":0.0,"max_hp_gain":0.0,"max_hp_loss":6.0,"gold_gain":0.0,"event_name":"Golden Idol","player_choice":"Lose Max HP","floor":4.0,"gold_loss":0.0,"damage_taken":0.0,"relics_obtained":["Golden Idol"]},{"damage_healed":0.0,"max_hp_gain":0.0,"max_hp_loss":0.0,"gold_gain":0.0,"cards_transformed":["Defend_P"],"event_name":"Transmorgrifier","player_choice":"Transformed","floor":11.0,"gold_loss":0.0,"damage_taken":0.0,"cards_obtained":["FlyingSleeves"]}],"is_beta":false,"boss_relics":[{"not_picked":["SlaversCollar","Sozu"],"picked":"Black Star"}],"items_purged_floors":[3],"is_endless":false,"potions_floor_spawned":[1,2,13],"killed_by":"3 Cultists","ascension_level":20}