{"gold_per_floor":[119,119,119,44,58,83,83,94,94,10,10,10,42,53,53,53],"floor_reached":16,"playtime":359,"items_purged":["Defend_P"],"score":216,"play_id":"b342f040-1879-41a6-8f11-73a3a6250587","local_time":"20220804002213","is_ascension_mode":true,"campfire_choices":[{"data":"Eruption","floor":7,"key":"SMITH"},{"data":"EmptyFist","floor":12,"key":"SMITH"},{"data":"MentalFortress","floor":15,"key":"SMITH"}],"neow_cost":"NONE","seed_source_timestamp":82952957690500,"circlet_count":0,"master_deck":["AscendersBane","Strike_P","Strike_P+1","Strike_P","Strike_P+1","Defend_P","Defend_P","Eruption+1","Vigilance","EmptyFist+1","MentalFortress","FearNoEvil","MentalFortress+1","Decay"],"relics":["PureWater","Bronze Scales","Eternal Feather","Mummified Hand"],"potions_floor_usage":[13],"damage_taken":[{"damage":2,"enemies":"Jaw Worm","floor":1,"turns":4},{"damage":0,"enemies":"Small Slimes","floor":5,"turns":4},{"damage":10,"enemies":"Lagavulin","floor":6,"turns":6},{"damage":0,"enemies":"Cultist","floor":8,"turns":3},{"damage":14,"enemies":"Gremlin Nob","floor":13,"turns":3},{"damage":5,"enemies":"Blue Slaver","floor":14,"turns":2},{"damage":18,"enemies":"Hexaghost","floor":16,"turns":4}],"seed_played":"3015931062075815900","potions_obtained":[{"floor":6,"key":"ColorlessPotion"},{"floor":13,"key":"Ambrosia"}],"is_trial":false,"path_per_floor":["M","?","?","$","M","E","R","M","T","$","?","R","E","M","R","B"],"character_chosen":"WATCHER","items_purchased":["MentalFortress"],"campfire_rested":0,"item_purchase_floors":[10],"current_hp_per_floor":[59,52,32,32,32,22,22,22,22,22,22,28,14,9,15,0],"gold":53,"neow_bonus":"THREE_CARDS","is_prod":false,"is_daily":false,"chose_seed":false,"campfire_upgraded":3,"win_rate":0,"timestamp":1659586933,"path_taken":["M","?","?","$","M","E","R","M","T","?","?","R","E","M","R","BOSS"],"build_version":"2022-03-07","purchased_purges":1,"victory":false,"max_hp_per_floor":[68,68,68,68,68,68,68,68,68,68,68,68,68,68,68,68],"card_choices":[{"not_picked":["BowlingBash","PathToVictory"],"picked":"EmptyFist","floor":1},{"not_picked":["FollowUp","SashWhip"],"picked":"MentalFortress","floor":5},{"not_picked":["Evaluate","Crescendo"],"picked":"FearNoEvil","floor":6},{"not_picked":["EmptyFist","Worship","ClearTheMind"],"picked":"SKIP","floor":8},{"not_picked":["CutThroughFate","ThirdEye","FlyingSleeves"],"picked":"SKIP","floor":13},{"not_picked":["FearNoEvil","Blasphemy","EmptyFist"],"picked":"SKIP","floor":14}],"player_experience":1107315,"relics_obtained":[{"floor":6,"key":"Bronze Scales"},{"floor":9,"key":"Eternal Feather"},{"floor":13,"key":"Mummified Hand"}],"event_choices":[{"cards_removed":["Defend_P"],"damage_healed":0,"gold_gain":0,"player_choice":"Card Removal","damage_taken":7,"max_hp_gain":0,"max_hp_loss":0,"event_name":"Golden Wing","floor":2,"gold_loss":0},{"damage_healed":0,"gold_gain":0,"player_choice":"Entered Light","damage_taken":20,"max_hp_gain":0,"max_hp_loss":0,"event_name":"Shining Light","floor":3,"gold_loss":0,"cards_upgraded":["Strike_P","Strike_P"]},{"damage_healed":0,"gold_gain":0,"player_choice":"Cursed","damage_taken":0,"max_hp_gain":0,"max_hp_loss":0,"event_name":"Wheel of Change","floor":11,"gold_loss":0,"cards_obtained":["Decay"]}],"is_beta":false,"boss_relics":[],"items_purged_floors":[4],"is_endless":false,"potions_floor_spawned":[6,13],"killed_by":"Hexaghost","ascension_level":20}