{"gold_per_floor":[117,42,60,75,75,115,115,128,202,202,246,216,232,255,255,255],"floor_reached":16,"playtime":618,"items_purged":["Defend_P"],"score":224,"play_id":"a1f56040-15f9-4f3d-8ea3-4555929c3c8d","local_time":"20220804005754","is_ascension_mode":true,"campfire_choices":[{"data":"Eruption","floor":7,"key":"SMITH"},{"data":"TalkToTheHand","floor":10,"key":"SMITH"},{"data":"SandsOfTime","floor":15,"key":"SMITH"}],"neow_cost":"NONE","seed_source_timestamp":84809287695100,"circlet_count":0,"master_deck":["AscendersBane","Strike_P","Strike_P","Strike_P","Strike_P","Defend_P","Defend_P","Eruption+1","Vigilance","SandsOfTime+1","TalkToTheHand+1","FlurryOfBlows","EmptyBody","Meditate"],"special_seed":0,"relics":["PureWater","Golden Idol","Ginger","Yang","Nunchaku"],"potions_floor_usage":[6,11,13,16],"damage_taken":[{"damage":4.0,"enemies":"Jaw Worm","floor":1.0,"turns":3.0},{"damage":8,"enemies":"Small Slimes","floor":3,"turns":4},{"damage":0,"enemies":"Cultist","floor":4,"turns":3},{"damage":12,"enemies":"Lagavulin","floor":6,"turns":7},{"damage":9,"enemies":"3 Louse","floor":8,"turns":3},{"damage":3,"enemies":"3 Sentries","floor":11,"turns":6},{"damage":8,"enemies":"Gremlin Gang","floor":13,"turns":2},{"damage":11,"enemies":"Exordium Thugs","floor":14,"turns":5},{"damage":12,"enemies":"Hexaghost","floor":16,"turns":7}],"seed_played":"715563211839229437","potions_obtained":[{"floor":4,"key":"Strength Potion"},{"floor":8,"key":"AttackPotion"},{"floor":12,"key":"SneckoOil"},{"floor":12,"key":"Fruit Juice"},{"floor":14,"key":"FearPotion"}],"is_trial":false,"path_per_floor":["M","$","M","M","?","E","R","M","T","R","E","?","M","M","R","B"],"character_chosen":"WATCHER","items_purchased":[],"campfire_rested":0,"item_purchase_floors":[],"current_hp_per_floor":[57,57,49,49,49,37,37,28,28,28,25,25,17,6,6,0],"gold":255,"neow_bonus":"REMOVE_CARD","is_prod":false,"is_daily":false,"chose_seed":false,"campfire_upgraded":3,"win_rate":0,"timestamp":1659589074,"path_taken":["M","$","M","M","?","E","R","M","T","R","E","?","?","M","R","BOSS"],"build_version":"2022-03-07","purchased_purges":1,"victory":false,"max_hp_per_floor":[68,68,68,68,62,62,62,62,62,62,62,62,62,62,62,67],"card_choices":[{"not_picked":["FlyingSleeves","Evaluate"],"picked":"SandsOfTime","floor":1.0},{"not_picked":["Prostrate","Fasting2"],"picked":"TalkToTheHand","floor":3},{"not_picked":["Indignation","Prostrate","JustLucky"],"picked":"SKIP","floor":4},{"not_picked":["MasterReality","EmptyFist"],"picked":"FlurryOfBlows","floor":6},{"not_picked":["Pray","CarveReality"],"picked":"EmptyBody","floor":8},{"not_picked":["FollowUp","FlyingSleeves","EmptyBody"],"picked":"SKIP","floor":11},{"not_picked":["ThirdEye","PathToVictory"],"picked":"Meditate","floor":13},{"not_picked":["SashWhip","FlurryOfBlows","Pray"],"picked":"SKIP","floor":14}],"player_experience":1108960,"relics_obtained":[{"floor":6,"key":"Ginger"},{"floor":9,"key":"Yang"},{"floor":11,"key":"Nunchaku"}],"event_choices":[{"damage_healed":0,"gold_gain":0,"player_choice":"Lose Max HP","damage_taken":0,"relics_obtained":["Golden Idol"],"max_hp_gain":0,"max_hp_loss":6,"event_name":"Golden Idol","floor":5,"gold_loss":0},{"damage_healed":0,"gold_gain":0,"player_choice":"Bought 2 Potions","damage_taken":0,"max_hp_gain":0,"max_hp_loss":0,"event_name":"The Woman in Blue","floor":12,"gold_loss":0}],"is_beta":false,"boss_relics":[],"items_purged_floors":[2],"is_endless":false,"potions_floor_spawned":[4,8,14],"killed_by":"Hexaghost","ascension_level":20}