{"gold_per_floor":[12,12,32,45,120,120,120,159,209,240,259,154,154,28,28,119,119,138,63,77,27,41,60,10,10,10,25,25],"floor_reached":28,"playtime":897,"items_purged":["Defend_P","Defend_P","Strike_P","Strike_P"],"score":556,"play_id":"103ee8b0-682a-4683-9506-882776994950","local_time":"20220812184337","is_ascension_mode":true,"campfire_choices":[{"data":"EmptyFist","floor":6.0,"key":"SMITH"},{"floor":15,"key":"REST"}],"neow_cost":"NO_GOLD","seed_source_timestamp":0,"circlet_count":0,"master_deck":["AscendersBane","Vigilance","EmptyFist+1","Tantrum","Tantrum","FearNoEvil","BowlingBash","Vault"],"special_seed":0,"relics":["PureWater","Golden Idol","Smiling Mask","White Beast Statue","Toy Ornithopter","Philosopher\u0027s Stone","CeramicFish"],"potions_floor_usage":[16,22,27,28],"damage_taken":[{"damage":0.0,"enemies":"Jaw Worm","floor":1.0,"turns":3.0},{"damage":8.0,"enemies":"Small Slimes","floor":3.0,"turns":3.0},{"damage":0.0,"enemies":"2 Louse","floor":4.0,"turns":2.0},{"damage":12.0,"enemies":"Lagavulin","floor":8.0,"turns":4.0},{"damage":7.0,"enemies":"3 Sentries","floor":10.0,"turns":4.0},{"damage":13.0,"enemies":"Exordium Thugs","floor":11.0,"turns":3.0},{"damage":0,"enemies":"Slime Boss","floor":16,"turns":3},{"damage":16,"enemies":"2 Thieves","floor":18,"turns":2},{"damage":0,"enemies":"Spheric Guardian","floor":20,"turns":2},{"damage":27,"enemies":"Snake Plant","floor":22,"turns":2},{"damage":14,"enemies":"3 Cultists","floor":23,"turns":3},{"damage":0,"enemies":"Shelled Parasite and Fungi","floor":27,"turns":2},{"damage":17,"enemies":"Snake Plant","floor":28,"turns":2}],"seed_played":"2823891776636127487","potions_obtained":[{"floor":1.0,"key":"GamblersBrew"},{"floor":3.0,"key":"BottledMiracle"},{"floor":11.0,"key":"CultistPotion"},{"floor":16,"key":"LiquidBronze"},{"floor":18,"key":"SkillPotion"},{"floor":20,"key":"Fire Potion"},{"floor":22,"key":"SpeedPotion"},{"floor":23,"key":"Fire Potion"},{"floor":27,"key":"Dexterity Potion"}],"is_trial":false,"path_per_floor":["M","?","M","M","?","R","?","E","T","E","M","$","T","$","R","B",null,"M","?","M","$","M","M","$","?","T","M","M"],"character_chosen":"WATCHER","items_purchased":["AttackPotion","FearNoEvil"],"campfire_rested":1,"item_purchase_floors":[12,14],"current_hp_per_floor":[61,61,53,53,42,42,35,23,23,16,3,3,3,3,21,26,53,37,37,37,37,15,1,1,1,1,6,0],"gold":25,"neow_bonus":"REMOVE_TWO","is_prod":false,"is_daily":false,"chose_seed":false,"campfire_upgraded":1,"win_rate":0,"timestamp":1660344217,"path_taken":["M","?","M","M","?","R","?","E","T","E","M","$","?","$","R","BOSS","M","?","M","?","M","M","$","?","T","M","?"],"build_version":"2022-03-07","purchased_purges":4,"victory":false,"max_hp_per_floor":[68,62,62,62,62,62,62,62,62,62,62,62,62,62,62,62,62,62,62,62,62,62,62,62,62,62,62,62],"relic_stats":{"counters":[13,35],"Golden Idol":60,"CeramicFish":0,"PureWater":[8],"Smiling Mask":250,"obtain_stats":[{"Golden Idol":2,"CeramicFish":26,"Philosopher\u0027s Stone":17,"PureWater":0,"Smiling Mask":8,"White Beast Statue":10,"Toy Ornithopter":13},{"Golden Idol":1,"CeramicFish":11,"Philosopher\u0027s Stone":7,"PureWater":0,"Smiling Mask":4,"White Beast Statue":5,"Toy Ornithopter":6},{"Golden Idol":3,"CeramicFish":31,"Philosopher\u0027s Stone":22,"PureWater":0,"Smiling Mask":12,"White Beast Statue":16,"Toy Ornithopter":19}],"White Beast Statue":[0.0,0.026400000000000007,0.0,0.2934400000000001,0.0,0.5049600000000003,0.0,0.16800000000000007,0.0,0.007200000000000002,0.0,2.8038400000000006],"Toy Ornithopter":20},"card_choices":[{"not_picked":["WindmillStrike","ClearTheMind"],"picked":"EmptyFist","floor":1.0},{"not_picked":["FlyingSleeves","EmptyFist"],"picked":"Tantrum","floor":3.0},{"not_picked":["Halt","Ragnarok"],"picked":"Tantrum","floor":4.0},{"not_picked":["Swivel","ClearTheMind","WindmillStrike"],"picked":"SKIP","floor":8.0},{"not_picked":["EmptyBody","WreathOfFlame","Evaluate"],"picked":"SKIP","floor":10.0},{"not_picked":["EmptyBody","WreathOfFlame","Evaluate"],"picked":"SKIP","floor":10.0},{"not_picked":["Indignation","CrushJoints","Tantrum"],"picked":"SKIP","floor":11.0},{"not_picked":["DeceiveReality","Consecrate+1","Crescendo"],"picked":"SKIP","floor":18},{"not_picked":["Consecrate","PathToVictory","Protect"],"picked":"SKIP","floor":20},{"not_picked":["BowlingBash","FlurryOfBlows","CrushJoints"],"picked":"SKIP","floor":22},{"not_picked":["FlurryOfBlows","CrushJoints"],"picked":"BowlingBash","floor":22},{"not_picked":["JustLucky","FearNoEvil"],"picked":"Vault","floor":23},{"not_picked":["Fasting2","Protect","FlyingSleeves"],"picked":"SKIP","floor":27}],"player_experience":1283748,"relics_obtained":[{"floor":8.0,"key":"Smiling Mask"},{"floor":10.0,"key":"White Beast Statue"},{"floor":13.0,"key":"Toy Ornithopter"},{"floor":26,"key":"CeramicFish"}],"event_choices":[{"damage_healed":0.0,"max_hp_gain":0.0,"max_hp_loss":6.0,"gold_gain":0.0,"event_name":"Golden Idol","player_choice":"Lose Max HP","floor":2.0,"gold_loss":0.0,"damage_taken":0.0,"relics_obtained":["Golden Idol"]},{"damage_healed":0.0,"max_hp_gain":0.0,"max_hp_loss":0.0,"gold_gain":75.0,"event_name":"World of Goop","player_choice":"Gather Gold","floor":5.0,"gold_loss":0.0,"damage_taken":11.0},{"cards_removed":["Eruption"],"damage_healed":0.0,"max_hp_gain":0.0,"max_hp_loss":0.0,"gold_gain":0.0,"event_name":"Golden Wing","player_choice":"Card Removal","floor":7.0,"gold_loss":0.0,"damage_taken":7.0},{"cards_removed":["Strike_P"],"damage_healed":0,"gold_gain":0,"player_choice":"Gave Gold","damage_taken":0,"max_hp_gain":0,"max_hp_loss":0,"event_name":"Beggar","floor":19,"gold_loss":75},{"cards_removed":["Strike_P"],"damage_healed":0,"gold_gain":0,"player_choice":"Purged","damage_taken":0,"max_hp_gain":0,"max_hp_loss":0,"event_name":"Purifier","floor":25,"gold_loss":0}],"is_beta":false,"boss_relics":[{"not_picked":["SlaversCollar","Pandora\u0027s Box"],"picked":"Philosopher\u0027s Stone"}],"items_purged_floors":[12,14,21,24],"is_endless":false,"potions_floor_spawned":[1,3,8,11,16,18,20,22,23,27],"killed_by":"Snake Plant","ascension_level":20}