{"gold_per_floor":[109,120,45,59,78,78,111,111,111,144,144,170,184,197,197,272,272,289,289,204,222,4,4],"floor_reached":23,"playtime":1005,"items_purged":["Strike_P"],"score":472,"play_id":"a1471083-869b-4619-8a9b-a9de096bf06b","local_time":"20220812025005","is_ascension_mode":true,"campfire_choices":[{"data":"Ragnarok","floor":6,"key":"SMITH"},{"data":"Crescendo","floor":8,"key":"SMITH"},{"data":"CrushJoints","floor":15,"key":"SMITH"}],"neow_cost":"NONE","seed_source_timestamp":80796083500800,"circlet_count":0,"master_deck":["AscendersBane","Strike_P","Strike_P","Strike_P","Defend_P","Defend_P","Eruption","Vigilance","Ragnarok+1","Crescendo+1","Sanctity","CrushJoints+1","Prostrate","Scrawl","WaveOfTheHand","FearNoEvil","Adaptation+1"],"relics":["PureWater","White Beast Statue","Mercury Hourglass","Shuriken","Letter Opener","Philosopher\u0027s Stone","Frozen Egg 2"],"potions_floor_usage":[10,10,14,16,21,23,23],"damage_taken":[{"damage":5,"enemies":"Small Slimes","floor":1,"turns":2},{"damage":0,"enemies":"Cultist","floor":2,"turns":3},{"damage":0,"enemies":"2 Louse","floor":4,"turns":2},{"damage":0,"enemies":"2 Fungi Beasts","floor":5,"turns":2},{"damage":0,"enemies":"Gremlin Nob","floor":7,"turns":2},{"damage":15,"enemies":"3 Sentries","floor":10,"turns":7},{"damage":8,"enemies":"Gremlin Nob","floor":12,"turns":3},{"damage":8,"enemies":"Exordium Wildlife","floor":13,"turns":3},{"damage":0,"enemies":"Gremlin Gang","floor":14,"turns":2},{"damage":19,"enemies":"Hexaghost","floor":16,"turns":5},{"damage":19,"enemies":"Shell Parasite","floor":18,"turns":3},{"damage":50,"enemies":"Chosen","floor":21,"turns":4},{"damage":28,"enemies":"Slavers","floor":23,"turns":1}],"seed_played":"-3140769568840098509","potions_obtained":[{"floor":4,"key":"StancePotion"},{"floor":7,"key":"Block Potion"},{"floor":10,"key":"PowerPotion"},{"floor":12,"key":"PowerPotion"},{"floor":13,"key":"DistilledChaos"},{"floor":14,"key":"FairyPotion"},{"floor":16,"key":"BlessingOfTheForge"},{"floor":18,"key":"Regen Potion"},{"floor":21,"key":"EssenceOfSteel"}],"is_trial":false,"path_per_floor":["M","M","?","M","M","R","E","R","T","E","?","E","M","M","R","B",null,"M","?","?","M","$","E"],"character_chosen":"WATCHER","items_purchased":["Adaptation+1","PowerPotion"],"campfire_rested":0,"item_purchase_floors":[22,22],"current_hp_per_floor":[56,56,56,56,56,56,56,56,56,41,41,33,25,25,25,6,53,34,34,34,20,20,0],"gold":4,"neow_bonus":"TRANSFORM_CARD","is_prod":false,"is_daily":false,"chose_seed":false,"campfire_upgraded":3,"win_rate":0,"timestamp":1660287005,"path_taken":["M","M","?","M","M","R","E","R","T","E","?","E","M","M","R","BOSS","M","?","?","M","$","E"],"build_version":"2022-03-07","purchased_purges":1,"victory":false,"max_hp_per_floor":[68,68,68,68,68,68,68,68,68,68,68,68,68,68,68,68,68,68,68,68,68,68,68],"relic_stats":{"counters":[13,37],"Shuriken":[3],"Letter Opener":[35],"PureWater":[10],"obtain_stats":[{"Shuriken":11,"Philosopher\u0027s Stone":17,"Letter Opener":12,"PureWater":0,"Frozen Egg 2":20,"White Beast Statue":7,"Mercury Hourglass":10},{"Shuriken":6,"Philosopher\u0027s Stone":10,"Letter Opener":7,"PureWater":0,"Frozen Egg 2":11,"White Beast Statue":5,"Mercury Hourglass":6},{"Shuriken":18,"Philosopher\u0027s Stone":30,"Letter Opener":21,"PureWater":0,"Frozen Egg 2":33,"White Beast Statue":11,"Mercury Hourglass":18}],"White Beast Statue":[0.0,0.0,0.12000000000000002,0.0,0.5800000000000001,0.0,0.30000000000000004,0.0,0.0,0.0,0.0,3.32],"Mercury Hourglass":[71]},"card_choices":[{"not_picked":["SashWhip","WaveOfTheHand"],"picked":"Crescendo","floor":1},{"not_picked":["JustLucky","DeceiveReality","Evaluate"],"picked":"SKIP","floor":2},{"not_picked":["Fasting2","FollowUp","CutThroughFate"],"picked":"SKIP","floor":4},{"not_picked":["Evaluate","ReachHeaven","SignatureMove"],"picked":"SKIP","floor":5},{"not_picked":["Alpha","Consecrate","Evaluate"],"picked":"SKIP","floor":7},{"not_picked":["SashWhip","Judgement","WindmillStrike"],"picked":"SKIP","floor":10},{"not_picked":["Prostrate","Study"],"picked":"Sanctity","floor":12},{"not_picked":["CarveReality","SignatureMove"],"picked":"CrushJoints","floor":13},{"not_picked":["Evaluate","Protect"],"picked":"Prostrate","floor":14},{"not_picked":["ConjureBlade","Ragnarok"],"picked":"Scrawl","floor":16},{"not_picked":["JustLucky","FlyingSleeves"],"picked":"WaveOfTheHand","floor":18},{"not_picked":["Protect","ClearTheMind","ThirdEye"],"picked":"SKIP","floor":21}],"player_experience":1123504,"relics_obtained":[{"floor":7,"key":"White Beast Statue"},{"floor":10,"key":"Mercury Hourglass"},{"floor":12,"key":"Letter Opener"}],"event_choices":[{"cards_removed":["Defend_P"],"damage_healed":0,"gold_gain":0,"player_choice":"Card Removal","damage_taken":0,"max_hp_gain":0,"max_hp_loss":0,"event_name":"The Cleric","floor":3,"gold_loss":75},{"damage_healed":0,"gold_gain":0,"player_choice":"Gave Potion","damage_taken":0,"relics_obtained":["Shuriken"],"max_hp_gain":0,"max_hp_loss":0,"event_name":"WeMeetAgain","floor":11,"gold_loss":0},{"damage_healed":0,"gold_gain":0,"player_choice":"Read","damage_taken":0,"max_hp_gain":0,"max_hp_loss":0,"event_name":"The Library","floor":19,"gold_loss":0,"cards_obtained":["FearNoEvil"]},{"damage_healed":0,"gold_gain":0,"player_choice":"Obtained Relic","damage_taken":0,"relics_obtained":["Frozen Egg 2"],"max_hp_gain":0,"max_hp_loss":0,"event_name":"Addict","floor":20,"gold_loss":85}],"is_beta":false,"boss_relics":[{"not_picked":["Sozu","Tiny House"],"picked":"Philosopher\u0027s Stone"}],"items_purged_floors":[22],"is_endless":false,"potions_floor_spawned":[4,7,10,12,13,14,16,18,21],"killed_by":"Slavers","ascension_level":20}