{"gold_per_floor":[118,132,132,132,156,191,191,191,214,232,232,253,303,322,322,322],"floor_reached":16,"playtime":611,"items_purged":[],"score":204,"play_id":"88dfcc9d-4a00-492b-be06-aa9126b2c71e","local_time":"20220812030024","is_ascension_mode":true,"campfire_choices":[{"data":"Eruption","floor":7,"key":"SMITH"},{"data":"FearNoEvil","floor":11,"key":"SMITH"},{"data":"Vigilance","floor":15,"key":"SMITH"}],"neow_cost":"TEN_PERCENT_HP_LOSS","seed_source_timestamp":81810433377200,"circlet_count":0,"master_deck":["AscendersBane","Strike_P","Strike_P+1","Strike_P","Strike_P","Defend_P","Defend_P+1","Eruption+1","Vigilance+1","FearNoEvil+1"],"relics":["PureWater","Golden Idol","Lantern","TungstenRod","Akabeko"],"potions_floor_usage":[6,16],"damage_taken":[{"damage":0,"enemies":"Small Slimes","floor":1,"turns":2},{"damage":7,"enemies":"2 Louse","floor":2,"turns":3},{"damage":0,"enemies":"Jaw Worm","floor":5,"turns":2},{"damage":3,"enemies":"Gremlin Nob","floor":6,"turns":3},{"damage":0,"enemies":"Large Slime","floor":10,"turns":3},{"damage":0,"enemies":"Gremlin Gang","floor":12,"turns":2},{"damage":0,"enemies":"Red Slaver","floor":14,"turns":2},{"damage":40,"enemies":"Slime Boss","floor":16,"turns":6}],"seed_played":"5562256994258774896","potions_obtained":[{"floor":1,"key":"Strength Potion"},{"floor":10,"key":"LiquidMemories"}],"is_trial":false,"path_per_floor":["M","M","?","?","M","E","R","?","T","M","R","M","?","M","R","B"],"character_chosen":"WATCHER","items_purchased":[],"campfire_rested":0,"item_purchase_floors":[],"current_hp_per_floor":[61,54,54,37,37,34,34,29,29,29,29,29,29,29,29,0],"gold":322,"neow_bonus":"REMOVE_TWO","is_prod":false,"is_daily":false,"chose_seed":false,"campfire_upgraded":3,"win_rate":0,"timestamp":1660287624,"path_taken":["M","M","?","?","M","E","R","?","T","M","R","M","?","?","R","BOSS"],"build_version":"2022-03-07","purchased_purges":0,"victory":false,"max_hp_per_floor":[62,62,56,56,56,56,56,56,56,56,56,56,56,56,56,56],"relic_stats":{"counters":[8,23],"Golden Idol":24,"PureWater":[8],"obtain_stats":[{"Lantern":6,"Golden Idol":3,"PureWater":0,"TungstenRod":8,"Akabeko":9},{"Lantern":4,"Golden Idol":2,"PureWater":0,"TungstenRod":4,"Akabeko":4},{"Lantern":10,"Golden Idol":5,"PureWater":0,"TungstenRod":10,"Akabeko":10}],"TungstenRod":2},"card_choices":[{"not_picked":["WindmillStrike","Study"],"picked":"FearNoEvil","floor":1},{"not_picked":["FlurryOfBlows","Consecrate","ThirdEye"],"picked":"SKIP","floor":2},{"not_picked":["Sanctity","ClearTheMind","LikeWater"],"picked":"SKIP","floor":5},{"not_picked":["SashWhip","EmptyFist","WaveOfTheHand"],"picked":"SKIP","floor":6},{"not_picked":["Consecrate","FollowUp","BattleHymn"],"picked":"SKIP","floor":10},{"not_picked":["Indignation","EmptyFist","Study"],"picked":"SKIP","floor":12},{"not_picked":["ThirdEye","Conclude","ClearTheMind"],"picked":"SKIP","floor":14}],"player_experience":1124509,"relics_obtained":[{"floor":6,"key":"Lantern"},{"floor":9,"key":"Akabeko"}],"event_choices":[{"damage_healed":0,"gold_gain":0,"player_choice":"Lose Max HP","damage_taken":0,"relics_obtained":["Golden Idol"],"max_hp_gain":0,"max_hp_loss":6,"event_name":"Golden Idol","floor":3,"gold_loss":0},{"damage_healed":0,"gold_gain":0,"player_choice":"Entered Light","damage_taken":17,"max_hp_gain":0,"max_hp_loss":0,"event_name":"Shining Light","floor":4,"gold_loss":0,"cards_upgraded":["Defend_P","Strike_P"]},{"damage_healed":0,"gold_gain":0,"player_choice":"Success","damage_taken":5,"relics_obtained":["TungstenRod"],"max_hp_gain":0,"max_hp_loss":0,"event_name":"Scrap Ooze","floor":8,"gold_loss":0},{"damage_healed":0,"gold_gain":50,"player_choice":"Pray","damage_taken":0,"max_hp_gain":0,"max_hp_loss":0,"event_name":"Golden Shrine","floor":13,"gold_loss":0}],"is_beta":false,"boss_relics":[],"items_purged_floors":[],"is_endless":false,"potions_floor_spawned":[1,10],"killed_by":"Slime Boss","ascension_level":20}