{"gold_per_floor":[113,127,127,142,152,178,178,213,213,223,235,265,265,190,190,268,268,287,307,57,67,67,67,101,101,101,134,134,147,147,159,159,237,237,255,275,275,295,195,524,539,539,539,558,558,592,592,274,274,274,274,274,274,114,147,147],"floor_reached":56,"playtime":2830,"items_purged":["Strike_P","Strike_P","Strike_P"],"score":2034,"play_id":"11e8e67f-739d-4aa7-99ea-2def5f3312f2","local_time":"20221220233258","is_ascension_mode":true,"campfire_choices":[{"data":"Eruption","floor":7,"key":"SMITH"},{"data":"FlyingSleeves","floor":13,"key":"SMITH"},{"floor":15,"key":"REST"},{"floor":23,"key":"REST"},{"floor":25,"key":"REST"},{"floor":28,"key":"REST"},{"data":"MentalFortress","floor":30,"key":"SMITH"},{"floor":32,"key":"REST"},{"data":"Adaptation","floor":42,"key":"SMITH"},{"floor":45,"key":"RECALL"},{"data":"Master of Strategy","floor":49,"key":"SMITH"},{"data":"EmptyMind","floor":53,"key":"SMITH"}],"neow_cost":"TEN_PERCENT_HP_LOSS","seed_source_timestamp":169564352545100,"circlet_count":0,"master_deck":["AscendersBane","Eruption+1","Vigilance","Indignation","DeusExMachina","FlyingSleeves+1","Tantrum","DeceiveReality","EmptyFist+1","EmptyMind+1","Conclude+1","Flash of Steel+1","Adaptation+1","MentalFortress+1","TalkToTheHand+1","Scrawl+1","Decay","Madness","Madness","Master of Strategy+1","MentalFortress+1"],"special_seed":0,"relics":["PureWater","Centennial Puzzle","PreservedInsect","Molten Egg 2","GoldenEye","Empty Cage","Pocketwatch","White Beast Statue","Shovel","Cursed Key","Old Coin","Bag of Preparation","DollysMirror","Blue Candle"],"potions_floor_usage":[6,8,16,19,21,24,27,29,33,56,56],"damage_taken":[{"damage":2.0,"enemies":"Jaw Worm","floor":1.0,"turns":3.0},{"damage":0.0,"enemies":"Cultist","floor":2.0,"turns":2.0},{"damage":13.0,"enemies":"Small Slimes","floor":4.0,"turns":4.0},{"damage":11.0,"enemies":"Blue Slaver","floor":5.0,"turns":4.0},{"damage":0,"enemies":"Gremlin Nob","floor":6,"turns":2},{"damage":15,"enemies":"3 Sentries","floor":8,"turns":5},{"damage":0,"enemies":"Lots of Slimes","floor":10,"turns":3},{"damage":0,"enemies":"3 Louse","floor":11,"turns":3},{"damage":0,"enemies":"Lagavulin","floor":12,"turns":4},{"damage":4,"enemies":"The Guardian","floor":16,"turns":5},{"damage":3,"enemies":"Spheric Guardian","floor":18,"turns":3},{"damage":28,"enemies":"Shell Parasite","floor":19,"turns":3},{"damage":11,"enemies":"Centurion and Healer","floor":21,"turns":3},{"damage":19,"enemies":"Gremlin Leader","floor":24,"turns":2},{"damage":16,"enemies":"Book of Stabbing","floor":27,"turns":2},{"damage":5,"enemies":"Snecko","floor":29,"turns":3},{"damage":9,"enemies":"Shelled Parasite and Fungi","floor":31,"turns":2},{"damage":17,"enemies":"Automaton","floor":33,"turns":7},{"damage":0,"enemies":"3 Shapes","floor":35,"turns":2},{"damage":0,"enemies":"3 Darklings","floor":36,"turns":2},{"damage":0,"enemies":"Spire Growth","floor":38,"turns":2},{"damage":4,"enemies":"Giant Head","floor":40,"turns":4},{"damage":0,"enemies":"Sphere and 2 Shapes","floor":41,"turns":2},{"damage":0,"enemies":"Jaw Worm Horde","floor":44,"turns":1},{"damage":0,"enemies":"Reptomancer","floor":46,"turns":3},{"damage":9,"enemies":"Time Eater","floor":50,"turns":6},{"damage":2,"enemies":"Donu and Deca","floor":51,"turns":7},{"damage":51,"enemies":"Shield and Spear","floor":55,"turns":6},{"damage":4,"enemies":"The Heart","floor":56,"turns":1}],"seed_played":"-2716181676528735368","potions_obtained":[{"floor":1.0,"key":"FearPotion"},{"floor":5.0,"key":"EssenceOfSteel"},{"floor":8,"key":"ColorlessPotion"},{"floor":12,"key":"Strength Potion"},{"floor":16,"key":"AttackPotion"},{"floor":21,"key":"StancePotion"},{"floor":24,"key":"Ancient Potion"},{"floor":27,"key":"Energy Potion"},{"floor":29,"key":"BlessingOfTheForge"},{"floor":31,"key":"AttackPotion"},{"floor":33,"key":"Dexterity Potion"},{"floor":35,"key":"Energy Potion"},{"floor":55,"key":"Strength Potion"}],"is_trial":false,"path_per_floor":["M","M","?","M","M","E","R","E","T","M","M","E","R","?","R","B",null,"M","M","$","M","?","R","E","R","T","E","R","M","R","M","R","B",null,"M","M","?","M","$","E","M","R","T","M","R","E","?","$","R","B","B",null,"R","$","E","B"],"character_chosen":"WATCHER","items_purchased":["Flash of Steel+1","Regen Potion","Master of Strategy","DollysMirror"],"campfire_rested":5,"item_purchase_floors":[20,20,48,54],"current_hp_per_floor":[59,59,59,46,35,35,35,20,20,20,20,20,20,20,38,34,55,52,24,24,22,22,40,21,39,39,23,41,36,36,27,45,28,54,54,54,54,54,54,50,50,50,50,50,50,50,39,39,39,30,28,54,54,54,3,0],"gold":147,"neow_bonus":"REMOVE_TWO","is_prod":false,"is_daily":false,"chose_seed":false,"campfire_upgraded":6,"win_rate":0,"timestamp":1671597178,"path_taken":["M","M","?","M","?","E","R","E","T","M","M","E","R","?","R","BOSS","M","M","$","M","?","R","E","R","T","E","R","M","R","M","R","BOSS","M","M","?","?","$","E","M","R","T","M","R","E","?","$","R","BOSS","BOSS","R","$","E","BOSS"],"build_version":"2022-12-18","purchased_purges":3,"victory":false,"max_hp_per_floor":[62,62,62,62,62,62,62,62,62,62,62,62,62,62,62,62,62,62,62,62,62,62,62,62,62,62,62,62,62,62,62,62,62,62,62,62,62,62,62,62,62,62,62,62,62,62,62,62,62,62,62,62,62,62,62,62],"relic_stats":{"Centennial Puzzle":[44],"Shovel":0,"counters":[29,96],"Blue Candle":[0],"PreservedInsect":385,"Bag of Preparation":[8],"PureWater":[24],"GoldenEye":[0],"Cursed Key":1,"obtain_stats":[{"Blue Candle":55,"PreservedInsect":8,"Bag of Preparation":46,"GoldenEye":12,"Empty Cage":17,"Cursed Key":34,"White Beast Statue":26,"Old Coin":40,"Centennial Puzzle":6,"Shovel":27,"DollysMirror":54,"Molten Egg 2":9,"PureWater":0,"Pocketwatch":24},{"Blue Candle":28,"PreservedInsect":6,"Bag of Preparation":25,"GoldenEye":9,"Empty Cage":10,"Cursed Key":18,"White Beast Statue":14,"Old Coin":22,"Centennial Puzzle":5,"Shovel":15,"DollysMirror":27,"Molten Egg 2":6,"PureWater":0,"Pocketwatch":14},{"Blue Candle":95,"PreservedInsect":20,"Bag of Preparation":76,"GoldenEye":30,"Empty Cage":35,"Cursed Key":60,"White Beast Statue":46,"Old Coin":70,"Centennial Puzzle":15,"Shovel":48,"DollysMirror":89,"Molten Egg 2":20,"PureWater":0,"Pocketwatch":46}],"White Beast Statue":[0.0,0.0,0.0,0.4,0.0,0.6000000000000001,0.0,0.0,0.0,0.0,0.0,5.209657600000002],"Pocketwatch":[8]},"card_choices":[{"not_picked":["ClearTheMind","EmptyBody"],"picked":"Indignation","floor":1.0},{"not_picked":["Evaluate","CrushJoints","SashWhip"],"picked":"SKIP","floor":2.0},{"not_picked":["JustLucky","PathToVictory","Crescendo"],"picked":"SKIP","floor":4.0},{"not_picked":["CutThroughFate","Omniscience"],"picked":"FlyingSleeves","floor":5.0},{"not_picked":["FlurryOfBlows","Wireheading","ThirdEye"],"picked":"SKIP","floor":6},{"not_picked":["SignatureMove","Meditate"],"picked":"Tantrum","floor":8},{"not_picked":["Halt","Evaluate"],"picked":"DeceiveReality","floor":10},{"not_picked":["Prostrate","JustLucky+1"],"picked":"EmptyFist+1","floor":11},{"not_picked":["FollowUp+1","JustLucky+1"],"picked":"EmptyMind","floor":12},{"not_picked":["Study","Pray","BowlingBash+1"],"picked":"SKIP","floor":18},{"not_picked":["Halt","EmptyBody"],"picked":"Conclude+1","floor":19},{"not_picked":["JustLucky+1","Vengeance"],"picked":"Adaptation","floor":21},{"not_picked":["WaveOfTheHand","Ragnarok+1"],"picked":"MentalFortress","floor":24},{"not_picked":["FlurryOfBlows+1","SandsOfTime+1"],"picked":"TalkToTheHand+1","floor":27},{"not_picked":["WheelKick+1","FlurryOfBlows+1","SashWhip+1"],"picked":"SKIP","floor":29},{"not_picked":["Consecrate+1","Prostrate","FollowUp+1"],"picked":"SKIP","floor":31},{"not_picked":["Devotion","Blasphemy"],"picked":"Scrawl","floor":33},{"not_picked":["EmptyFist+1","Vengeance","Crescendo"],"picked":"SKIP","floor":35},{"not_picked":["Protect","Swivel","WheelKick+1"],"picked":"SKIP","floor":36},{"not_picked":["Prostrate","BowlingBash+1","FlyingSleeves+1"],"picked":"SKIP","floor":38},{"not_picked":["FlyingSleeves+1","ThirdEye","Consecrate+1"],"picked":"SKIP","floor":40},{"not_picked":["Vengeance","DeceiveReality","Collect+1"],"picked":"SKIP","floor":41},{"not_picked":["Vengeance","DeceiveReality","Collect+1"],"picked":"SKIP","floor":41},{"not_picked":["EmptyBody+1","FollowUp+1","Pray"],"picked":"SKIP","floor":44},{"not_picked":["EmptyBody+1","FollowUp+1","Pray"],"picked":"SKIP","floor":44},{"not_picked":["ReachHeaven+1","FlurryOfBlows+1","Worship+1"],"picked":"SKIP","floor":46},{"not_picked":["Tantrum+1","SashWhip+1","Protect"],"picked":"SKIP","floor":55},{"not_picked":["Tantrum+1","SashWhip+1","Protect"],"picked":"SKIP","floor":55}],"player_experience":1325608,"relics_obtained":[{"floor":6,"key":"Centennial Puzzle"},{"floor":8,"key":"PreservedInsect"},{"floor":9,"key":"Molten Egg 2"},{"floor":12,"key":"GoldenEye"},{"floor":24,"key":"Pocketwatch"},{"floor":26,"key":"White Beast Statue"},{"floor":27,"key":"Shovel"},{"floor":40,"key":"Old Coin"},{"floor":46,"key":"Bag of Preparation"},{"floor":55,"key":"Blue Candle"}],"event_choices":[{"damage_healed":0.0,"max_hp_gain":0.0,"max_hp_loss":0.0,"gold_gain":0.0,"event_name":"Match and Keep!","player_choice":"1 cards matched","floor":3.0,"gold_loss":0.0,"damage_taken":0.0,"cards_obtained":["DeusExMachina"]},{"cards_removed":["Strike_P"],"damage_healed":0,"gold_gain":0,"player_choice":"Card Removal","damage_taken":0,"max_hp_gain":0,"max_hp_loss":0,"event_name":"The Cleric","floor":14,"gold_loss":75},{"damage_healed":0,"gold_gain":0,"player_choice":"Ignored","damage_taken":0,"max_hp_gain":0,"max_hp_loss":0,"event_name":"Vampires","floor":22,"gold_loss":0},{"damage_healed":0,"gold_gain":0,"player_choice":"Forge","damage_taken":0,"max_hp_gain":0,"max_hp_loss":0,"event_name":"Accursed Blacksmith","floor":37,"gold_loss":0,"cards_upgraded":["Scrawl"]},{"damage_healed":0,"gold_gain":0,"player_choice":"Embrace Madness","damage_taken":11,"max_hp_gain":0,"max_hp_loss":0,"event_name":"Winding Halls","floor":47,"gold_loss":0,"cards_obtained":["Madness","Madness"]}],"is_beta":false,"boss_relics":[{"not_picked":["SlaversCollar","Black Star"],"picked":"Empty Cage"},{"not_picked":["Velvet Choker","Busted Crown"],"picked":"Cursed Key"}],"items_purged_floors":[20,39,48],"is_endless":false,"potions_floor_spawned":[1,5,8,12,16,21,24,27,29,31,33,35,36,38,40,41,44,46,55],"killed_by":"The Heart","ascension_level":20}