{"gold_per_floor":[114,114,134,150,170,170,197,37,37,54,72,82,92,126,126,200,200,219,169,184,184,12,12,24,40,94,94],"floor_reached":27,"playtime":1378,"items_purged":["Strike_P"],"score":558,"play_id":"dd2e3f23-df3c-4167-a22e-fd993fffe910","local_time":"20221219180038","is_ascension_mode":true,"campfire_choices":[{"floor":6.0,"key":"REST"},{"data":"Adaptation","floor":15.0,"key":"SMITH"},{"floor":23,"key":"REST"}],"neow_cost":"PERCENT_DAMAGE","seed_source_timestamp":0,"circlet_count":0,"master_deck":["AscendersBane","Strike_P","Strike_P","Strike_P","Defend_P","Eruption","Vigilance","BattleHymn","Weave","CutThroughFate","EmptyMind","CarveReality","InnerPeace","Wireheading","MentalFortress","ClearTheMind+1","Tantrum","Adaptation+1","Vault+1","ForeignInfluence+1","MentalFortress"],"special_seed":0,"relics":["PureWater","Blue Candle","Toxic Egg 2","Omamori","Runic Pyramid","Orrery","Anchor"],"potions_floor_usage":[20],"damage_taken":[{"damage":0.0,"enemies":"Cultist","floor":1.0,"turns":2.0},{"damage":4.0,"enemies":"2 Louse","floor":3.0,"turns":2.0},{"damage":12.0,"enemies":"Jaw Worm","floor":4.0,"turns":2.0},{"damage":0.0,"enemies":"Lots of Slimes","floor":5.0,"turns":2.0},{"damage":0.0,"enemies":"Gremlin Nob","floor":7.0,"turns":2.0},{"damage":7.0,"enemies":"Exordium Wildlife","floor":10.0,"turns":3.0},{"damage":0.0,"enemies":"2 Fungi Beasts","floor":11.0,"turns":2.0},{"damage":0.0,"enemies":"Looter","floor":12.0,"turns":2.0},{"damage":23.0,"enemies":"Exordium Wildlife","floor":13.0,"turns":4.0},{"damage":0.0,"enemies":"Lagavulin","floor":14.0,"turns":4.0},{"damage":15.0,"enemies":"Hexaghost","floor":16.0,"turns":6.0},{"damage":7,"enemies":"3 Byrds","floor":18,"turns":4},{"damage":23,"enemies":"2 Thieves","floor":20,"turns":3},{"damage":0,"enemies":"3 Cultists","floor":24,"turns":4},{"damage":23,"enemies":"Snake Plant","floor":25,"turns":4},{"damage":23,"enemies":"Centurion and Healer","floor":27,"turns":2}],"seed_played":"-6832476993351185397","potions_obtained":[{"floor":3.0,"key":"EntropicBrew"},{"floor":7.0,"key":"SpeedPotion"},{"floor":10.0,"key":"Weak Potion"},{"floor":13.0,"key":"Swift Potion"},{"floor":18,"key":"PowerPotion"}],"is_trial":false,"path_per_floor":["M","?","M","M","M","R","E","$","T","M","M","M","M","E","R","B",null,"M","?","M","$","$","R","M","M","T","M"],"character_chosen":"WATCHER","items_purchased":["LiquidMemories","Orrery"],"campfire_rested":2,"item_purchase_floors":[8,22],"current_hp_per_floor":[43,43,39,27,27,47,47,47,47,40,40,40,17,17,17,2,52,45,45,22,22,22,42,42,19,19,0],"gold":94,"neow_bonus":"TRANSFORM_TWO_CARDS","is_prod":false,"is_daily":false,"chose_seed":false,"campfire_upgraded":1,"win_rate":0,"timestamp":1671490838,"path_taken":["M","?","M","M","M","R","E","$","T","?","M","?","M","E","R","BOSS","M","?","M","?","$","R","M","?","T","M"],"build_version":"2022-12-01","purchased_purges":1,"victory":false,"max_hp_per_floor":[68,68,68,68,68,68,68,68,68,68,68,68,68,68,68,68,68,68,68,68,68,68,68,68,68,68,68],"relic_stats":{"counters":[16,48],"Blue Candle":[0],"Omamori":0,"PureWater":[12],"obtain_stats":[{"Anchor":26,"Blue Candle":7,"Orrery":22,"Omamori":14,"PureWater":0,"Toxic Egg 2":9,"Runic Pyramid":17},{"Anchor":15,"Blue Candle":5,"Orrery":13,"Omamori":10,"PureWater":0,"Toxic Egg 2":5,"Runic Pyramid":11},{"Anchor":46,"Blue Candle":10,"Orrery":38,"Omamori":25,"PureWater":0,"Toxic Egg 2":10,"Runic Pyramid":31}]},"card_choices":[{"not_picked":["Protect","EmptyBody","CrushJoints"],"picked":"SKIP","floor":1.0},{"not_picked":["Worship","Study"],"picked":"CutThroughFate","floor":3.0},{"not_picked":["PathToVictory","BowlingBash"],"picked":"EmptyMind","floor":4.0},{"not_picked":["EmptyMind","PathToVictory"],"picked":"CarveReality","floor":5.0},{"not_picked":["Swivel","PathToVictory"],"picked":"InnerPeace","floor":7.0},{"not_picked":["EmptyMind+1","Collect+1"],"picked":"Wireheading","floor":10.0},{"not_picked":["ClearTheMind+1","WaveOfTheHand+1"],"picked":"MentalFortress","floor":11.0},{"not_picked":["BowlingBash","Nirvana"],"picked":"ClearTheMind+1","floor":12.0},{"not_picked":["Meditate+1","EmptyBody+1"],"picked":"Tantrum","floor":13.0},{"not_picked":["EmptyFist","Study"],"picked":"Adaptation","floor":14.0},{"not_picked":["ClearTheMind+1","FollowUp","Evaluate+1"],"picked":"SKIP","floor":18},{"not_picked":["FlurryOfBlows","DeceiveReality+1","LikeWater"],"picked":"SKIP","floor":20},{"not_picked":["WheelKick","WindmillStrike"],"picked":"Vault+1","floor":22},{"not_picked":["Evaluate+1","DevaForm"],"picked":"ForeignInfluence+1","floor":22},{"not_picked":["Conclude","Perseverance+1"],"picked":"MentalFortress","floor":24},{"not_picked":["EmptyFist","FollowUp","CrushJoints+1"],"picked":"SKIP","floor":25}],"player_experience":1321903,"relics_obtained":[{"floor":7.0,"key":"Blue Candle"},{"floor":9.0,"key":"Toxic Egg 2"},{"floor":14.0,"key":"Omamori"},{"floor":26,"key":"Anchor"}],"event_choices":[{"cards_removed":["Defend_P"],"damage_healed":0.0,"max_hp_gain":0.0,"max_hp_loss":0.0,"gold_gain":0.0,"event_name":"Purifier","player_choice":"Purged","floor":2.0,"gold_loss":0.0,"damage_taken":0.0},{"damage_healed":0,"gold_gain":0,"player_choice":"Bet on Murderer","damage_taken":0,"max_hp_gain":0,"max_hp_loss":0,"event_name":"The Joust","floor":19,"gold_loss":50}],"is_beta":false,"boss_relics":[{"not_picked":["SacredBark","Velvet Choker"],"picked":"Runic Pyramid"}],"items_purged_floors":[8],"is_endless":false,"potions_floor_spawned":[3,7,10,11,13,14,18],"killed_by":"Centurion and Healer","ascension_level":20}