{"gold_per_floor":[113,128,128,139,155,188,188,213,213,213,233,260,279,312,312,389,389,401,270,280,298,53,80,80,91,391,391,391,441,451,464,464,541,541,551,569,184,209,209,209,209,56,56,82,101,128,141,141],"floor_reached":48,"playtime":1967,"items_purged":["Defend_P","Strike_P","Strike_P"],"score":1409,"play_id":"d57facb2-81d6-4294-a3cc-97348d96befc","local_time":"20221227040231","is_ascension_mode":true,"campfire_choices":[{"data":"Wallop","floor":7,"key":"SMITH"},{"data":"Crescendo","floor":10,"key":"SMITH"},{"data":"TalkToTheHand","floor":15,"key":"SMITH"},{"floor":24,"key":"REST"},{"floor":28,"key":"REST"},{"floor":32,"key":"REST"},{"floor":40,"key":"REST"}],"neow_cost":"NONE","seed_source_timestamp":705000322415200,"circlet_count":0,"master_deck":["AscendersBane","Strike_P","Strike_P","Eruption+1","Vigilance","CrushJoints+1","CarveReality","Crescendo+1","Wallop+1","TalkToTheHand+1","Vault","FlurryOfBlows","EmptyMind","MentalFortress","MentalFortress","FearNoEvil","Master of Strategy","EmptyBody","Parasite"],"relics":["PureWater","Letter Opener","Bronze Scales","Shuriken","WingedGreaves","Empty Cage","Medical Kit","PreservedInsect","Old Coin","VioletLotus","Akabeko","TungstenRod"],"potions_floor_usage":[6,14,21,23,33,45],"damage_taken":[{"damage":0,"enemies":"2 Louse","floor":1,"turns":1},{"damage":0,"enemies":"Cultist","floor":2,"turns":2},{"damage":0,"enemies":"Small Slimes","floor":4,"turns":2},{"damage":8,"enemies":"2 Fungi Beasts","floor":5,"turns":3},{"damage":0,"enemies":"Lagavulin","floor":6,"turns":4},{"damage":7,"enemies":"3 Sentries","floor":8,"turns":3},{"damage":0,"enemies":"Looter","floor":11,"turns":3},{"damage":0,"enemies":"Lagavulin","floor":12,"turns":4},{"damage":7,"enemies":"Exordium Thugs","floor":13,"turns":2},{"damage":0,"enemies":"Gremlin Nob","floor":14,"turns":2},{"damage":0,"enemies":"Slime Boss","floor":16,"turns":3},{"damage":0,"enemies":"Chosen","floor":18,"turns":4},{"damage":0,"enemies":"2 Thieves","floor":20,"turns":3},{"damage":0,"enemies":"Centurion and Healer","floor":21,"turns":3},{"damage":60,"enemies":"Gremlin Leader","floor":23,"turns":4},{"damage":20,"enemies":"Snake Plant","floor":25,"turns":3},{"damage":9,"enemies":"Chosen and Byrds","floor":30,"turns":4},{"damage":0,"enemies":"Snecko","floor":31,"turns":3},{"damage":16,"enemies":"Champ","floor":33,"turns":11},{"damage":18,"enemies":"Orb Walker","floor":35,"turns":3},{"damage":31,"enemies":"3 Darklings","floor":36,"turns":6},{"damage":0,"enemies":"Mind Bloom Boss Battle","floor":38,"turns":4},{"damage":9,"enemies":"Reptomancer","floor":44,"turns":5},{"damage":10,"enemies":"Sphere and 2 Shapes","floor":45,"turns":4},{"damage":0,"enemies":"Giant Head","floor":46,"turns":5},{"damage":4,"enemies":"Writhing Mass","floor":47,"turns":6},{"damage":16,"enemies":"Jaw Worm Horde","floor":48,"turns":1}],"seed_played":"-2080718342617026331","potions_obtained":[{"floor":2,"key":"GamblersBrew"},{"floor":5,"key":"DuplicationPotion"},{"floor":6,"key":"EssenceOfSteel"},{"floor":13,"key":"AttackPotion"},{"floor":14,"key":"PowerPotion"},{"floor":23,"key":"LiquidBronze"},{"floor":25,"key":"Weak Potion"},{"floor":33,"key":"Dexterity Potion"},{"floor":45,"key":"SteroidPotion"}],"is_trial":false,"path_per_floor":["M","M","?","M","M","E","R","E","T","R","M","E","M","E","R","B",null,"M","$","M","M","$","E","R","M","T","?","R","?","M","M","R","B",null,"M","M","$","?","$","R","?","$","T","E","M","E","M","M"],"character_chosen":"WATCHER","items_purchased":["FlurryOfBlows","MentalFortress","Medical Kit","FearNoEvil","Master of Strategy","Block Potion","EmptyBody"],"campfire_rested":4,"item_purchase_floors":[19,22,22,37,37,37,42],"current_hp_per_floor":[61,61,61,61,53,53,53,46,46,46,46,46,39,39,39,39,61,61,61,61,61,61,1,21,1,1,1,21,21,12,12,32,16,55,37,6,6,6,6,26,26,26,26,17,7,7,3,0],"gold":141,"neow_bonus":"UPGRADE_CARD","is_prod":false,"is_daily":false,"chose_seed":false,"campfire_upgraded":3,"win_rate":0,"timestamp":1672131751,"path_taken":["M","M","?","M","M","E","R","E","T","R","M","E","?","E","R","BOSS","M","$","M","M","$","E","R","M","T","?","R","?","?","M","R","BOSS","M","M","$","?","$","R","?","$","T","E","M","E","M","?"],"build_version":"2022-12-18","purchased_purges":3,"victory":false,"max_hp_per_floor":[68,68,68,68,68,68,68,68,68,68,68,68,68,68,68,68,68,68,68,68,68,68,68,68,68,68,68,68,68,68,68,68,68,68,68,68,68,68,68,68,65,65,65,65,65,65,65,65],"relic_stats":{"counters":[27,98],"Shuriken":[45],"Bronze Scales":[156],"WingedGreaves":3,"PreservedInsect":193,"VioletLotus":[14],"Letter Opener":[92],"PureWater":[24],"Medical Kit":[3],"obtain_stats":[{"Shuriken":12,"Bronze Scales":8,"WingedGreaves":14,"PreservedInsect":23,"VioletLotus":34,"Letter Opener":6,"PureWater":0,"Empty Cage":17,"Medical Kit":22,"Akabeko":43,"TungstenRod":46,"Old Coin":26},{"Shuriken":8,"Bronze Scales":6,"WingedGreaves":10,"PreservedInsect":15,"VioletLotus":19,"Letter Opener":5,"PureWater":0,"Empty Cage":11,"Medical Kit":14,"Akabeko":22,"TungstenRod":25,"Old Coin":16},{"Shuriken":22,"Bronze Scales":15,"WingedGreaves":26,"PreservedInsect":43,"VioletLotus":64,"Letter Opener":12,"PureWater":0,"Empty Cage":29,"Medical Kit":39,"Akabeko":77,"TungstenRod":91,"Old Coin":46}],"TungstenRod":2},"card_choices":[{"not_picked":["Prostrate","Protect"],"picked":"CrushJoints","floor":1},{"not_picked":["DeceiveReality","FollowUp"],"picked":"CarveReality","floor":2},{"not_picked":["Halt","LikeWater"],"picked":"Crescendo","floor":4},{"not_picked":["ThirdEye","SashWhip","Protect"],"picked":"SKIP","floor":5},{"not_picked":["Worship","Fasting2"],"picked":"Wallop","floor":6},{"not_picked":["MasterReality","Evaluate","ClearTheMind"],"picked":"SKIP","floor":8},{"not_picked":["PathToVictory","JustLucky","CutThroughFate"],"picked":"SKIP","floor":11},{"not_picked":["FlyingSleeves","Pray","SignatureMove"],"picked":"SKIP","floor":12},{"not_picked":["ThirdEye","Protect","CutThroughFate"],"picked":"SKIP","floor":13},{"not_picked":["Devotion","Study"],"picked":"TalkToTheHand","floor":14},{"not_picked":["MasterReality","LessonLearned"],"picked":"Vault","floor":16},{"not_picked":["EmptyFist","BowlingBash","Halt"],"picked":"SKIP","floor":18},{"not_picked":["LessonLearned","JustLucky+1"],"picked":"EmptyMind","floor":20},{"not_picked":["WaveOfTheHand","PathToVictory","Indignation"],"picked":"SKIP","floor":21},{"not_picked":["EmptyBody","ThirdEye"],"picked":"MentalFortress","floor":23},{"not_picked":["Halt","CrushJoints","DevaForm"],"picked":"SKIP","floor":25},{"not_picked":["FlurryOfBlows","CrushJoints","PathToVictory+1"],"picked":"SKIP","floor":30},{"not_picked":["CrushJoints","Meditate","Crescendo"],"picked":"SKIP","floor":31},{"not_picked":["Wireheading","FollowUp","CutThroughFate"],"picked":"SKIP","floor":35},{"not_picked":["EmptyFist+1","JustLucky","Study"],"picked":"SKIP","floor":36},{"not_picked":["EmptyBody","Omniscience","FearNoEvil+1"],"picked":"SKIP","floor":44},{"not_picked":["Consecrate","JustLucky","FollowUp"],"picked":"SKIP","floor":45},{"not_picked":["PathToVictory+1","Alpha","Sanctity"],"picked":"SKIP","floor":46},{"not_picked":["FollowUp","ClearTheMind","ThirdEye"],"picked":"SKIP","floor":47}],"player_experience":1344887,"relics_obtained":[{"floor":6,"key":"Letter Opener"},{"floor":8,"key":"Bronze Scales"},{"floor":12,"key":"Shuriken"},{"floor":14,"key":"WingedGreaves"},{"floor":23,"key":"PreservedInsect"},{"floor":26,"key":"Old Coin"},{"floor":43,"key":"Akabeko"},{"floor":46,"key":"TungstenRod"}],"event_choices":[{"damage_healed":0,"gold_gain":0,"player_choice":"Forge","damage_taken":0,"max_hp_gain":0,"max_hp_loss":0,"event_name":"Accursed Blacksmith","floor":3,"gold_loss":0,"cards_upgraded":["CrushJoints"]},{"cards_removed":["Defend_P"],"damage_healed":0,"gold_gain":0,"player_choice":"Elegance","damage_taken":0,"max_hp_gain":0,"max_hp_loss":0,"event_name":"Back to Basics","floor":27,"gold_loss":0},{"damage_healed":0,"gold_gain":50,"player_choice":"Pray","damage_taken":0,"max_hp_gain":0,"max_hp_loss":0,"event_name":"Golden Shrine","floor":29,"gold_loss":0},{"damage_healed":0,"gold_gain":0,"player_choice":"Fight","damage_taken":0,"max_hp_gain":0,"max_hp_loss":0,"event_name":"MindBloom","floor":38,"gold_loss":0},{"damage_healed":0,"gold_gain":0,"player_choice":"Max HP","damage_taken":0,"max_hp_gain":0,"max_hp_loss":3,"event_name":"Winding Halls","floor":41,"gold_loss":0}],"is_beta":false,"boss_relics":[{"not_picked":["Runic Dome","HolyWater"],"picked":"Empty Cage"},{"not_picked":["Busted Crown","SlaversCollar"],"picked":"VioletLotus"}],"items_purged_floors":[19,37,42],"is_endless":false,"potions_floor_spawned":[2,5,6,13,14,20,23,25,31,33,45,46],"killed_by":"Jaw Worm Horde","ascension_level":20}