{"gold_per_floor":[11,11,11,31,50,50,91,16,16,55,55,96,96,117,117,215,215,235,235,54,104,129,162,162,201,201,244,244,262,262,276,276,369,369,390,410,114,114,145,145,158,183,183,218,218,241,284,307,307,307,307,307,307,100,139,139],"floor_reached":56,"playtime":4648,"items_purged":["Defend_P","Defend_P","MasterReality","FlyingSleeves"],"score":2266,"play_id":"f1a1b296-39df-40cc-afbc-3ad43c5d7767","local_time":"20221228220445","is_ascension_mode":true,"campfire_choices":[{"data":"EmptyFist","floor":6.0,"key":"SMITH"},{"data":"SandsOfTime","floor":11.0,"key":"SMITH"},{"data":"CrushJoints","floor":15.0,"key":"SMITH"},{"floor":24.0,"key":"REST"},{"floor":28.0,"key":"REST"},{"floor":32,"key":"REST"},{"data":"Scrawl","floor":40,"key":"SMITH"},{"floor":49,"key":"RECALL"},{"data":"Establishment","floor":53,"key":"SMITH"}],"neow_cost":"NO_GOLD","seed_source_timestamp":0,"circlet_count":0,"master_deck":["AscendersBane","Defend_P","Eruption","Vigilance","Thinking Ahead","EmptyFist+1","SandsOfTime+1","MentalFortress","BowlingBash","CrushJoints+1","Scrawl+1","ClearTheMind+1","MentalFortress+1","Meditate+1","Tantrum","Adaptation","InnerPeace","Meditate","Vault","EmptyBody","Secret Technique","Establishment+1","Prostrate"],"special_seed":0,"relics":["PureWater","Golden Idol","Bag of Marbles","Pantograph","Calipers","Ginger","Astrolabe","Damaru","Letter Opener","PreservedInsect","Coffee Dripper","Toolbox","Gambling Chip","InkBottle","Centennial Puzzle","Akabeko","Ornamental Fan","Kunai"],"potions_floor_usage":[33,50,55,56],"damage_taken":[{"damage":1.0,"enemies":"2 Louse","floor":1.0,"turns":2.0},{"damage":2.0,"enemies":"Jaw Worm","floor":4.0,"turns":3.0},{"damage":0.0,"enemies":"Small Slimes","floor":5.0,"turns":2.0},{"damage":16.0,"enemies":"Gremlin Nob","floor":7.0,"turns":3.0},{"damage":17.0,"enemies":"Lagavulin","floor":10.0,"turns":6.0},{"damage":15.0,"enemies":"3 Sentries","floor":12.0,"turns":8.0},{"damage":0.0,"enemies":"Exordium Wildlife","floor":14.0,"turns":2.0},{"damage":35.0,"enemies":"Hexaghost","floor":16.0,"turns":7.0},{"damage":23.0,"enemies":"3 Byrds","floor":18.0,"turns":5.0},{"damage":0.0,"enemies":"Chosen","floor":22.0,"turns":3.0},{"damage":8.0,"enemies":"Slavers","floor":23.0,"turns":3.0},{"damage":22.0,"enemies":"Book of Stabbing","floor":25.0,"turns":5.0},{"damage":18.0,"enemies":"Gremlin Leader","floor":27.0,"turns":4.0},{"damage":18,"enemies":"3 Cultists","floor":29,"turns":4},{"damage":0,"enemies":"Snake Plant","floor":31,"turns":2},{"damage":22,"enemies":"Champ","floor":33,"turns":6},{"damage":6,"enemies":"Orb Walker","floor":35,"turns":2},{"damage":43,"enemies":"3 Darklings","floor":36,"turns":5},{"damage":0,"enemies":"Mind Bloom Boss Battle","floor":39,"turns":4},{"damage":0,"enemies":"Sphere and 2 Shapes","floor":41,"turns":4},{"damage":0,"enemies":"Spire Growth","floor":42,"turns":3},{"damage":0,"enemies":"Nemesis","floor":44,"turns":4},{"damage":0,"enemies":"Transient","floor":46,"turns":7},{"damage":3,"enemies":"Giant Head","floor":47,"turns":3},{"damage":0,"enemies":"4 Shapes","floor":48,"turns":3},{"damage":0,"enemies":"Donu and Deca","floor":50,"turns":6},{"damage":0,"enemies":"Awakened One","floor":51,"turns":8},{"damage":21,"enemies":"Shield and Spear","floor":55,"turns":6},{"damage":69,"enemies":"The Heart","floor":56,"turns":6}],"seed_played":"7572116365249886244","potions_obtained":[{"floor":4.0,"key":"PowerPotion"},{"floor":12.0,"key":"AttackPotion"},{"floor":16.0,"key":"StancePotion"},{"floor":18.0,"key":"Energy Potion"},{"floor":23.0,"key":"Weak Potion"},{"floor":29,"key":"Explosive Potion"},{"floor":31,"key":"Regen Potion"},{"floor":33,"key":"Energy Potion"},{"floor":36,"key":"DuplicationPotion"}],"is_trial":false,"path_per_floor":["M","?","?","M","M","R","E","$","T","E","R","E","?","M","R","B",null,"M","?","$","?","M","E","R","E","T","E","R","M","?","M","R","B",null,"M","M","$","?","?","R","M","M","T","E","?","M","E","M","R","B","B",null,"R","$","E","B"],"character_chosen":"WATCHER","items_purchased":["Adaptation","Toolbox","SkillPotion"],"campfire_rested":3,"item_purchase_floors":[20,37,54],"current_hp_per_floor":[60,60,65,63,63,63,47,47,47,30,30,15,15,15,15,5,52,29,29,29,29,29,21,41,19,19,1,21,3,3,3,23,41,61,55,12,12,2,27,27,27,27,27,27,27,27,24,24,24,49,67,67,67,67,46,0],"gold":139,"neow_bonus":"RANDOM_COLORLESS_2","is_prod":false,"is_daily":false,"chose_seed":false,"campfire_upgraded":5,"win_rate":0,"timestamp":1672283085,"path_taken":["M","?","?","M","M","R","E","?","T","E","R","E","?","M","R","BOSS","M","?","$","?","?","E","R","E","T","E","R","M","?","M","R","BOSS","M","M","$","?","?","R","M","M","T","E","?","?","E","M","R","BOSS","BOSS","R","$","E","BOSS"],"build_version":"2022-12-18","purchased_purges":4,"victory":false,"max_hp_per_floor":[68,62,67,67,67,67,67,67,67,67,67,67,67,67,67,67,67,67,67,67,67,67,67,67,67,67,67,67,67,67,67,67,67,67,67,67,67,67,67,67,67,67,67,67,67,67,67,67,67,67,67,67,67,67,67,67],"relic_stats":{"Calipers":[1630],"counters":[29,126],"Golden Idol":210,"Astrolabe":["ClearTheMind","MentalFortress","Meditate"],"PreservedInsect":270,"Ginger":[9],"Letter Opener":[335],"Centennial Puzzle":[9],"Ornamental Fan":[72],"Pantograph":139,"Gambling Chip":[29],"Kunai":[2],"PureWater":[28],"obtain_stats":[{"Calipers":10,"Golden Idol":2,"Astrolabe":17,"Damaru":23,"PreservedInsect":27,"Ginger":12,"Letter Opener":25,"Akabeko":45,"Centennial Puzzle":44,"Ornamental Fan":47,"Pantograph":9,"Gambling Chip":39,"Toolbox":37,"Bag of Marbles":7,"Coffee Dripper":34,"Kunai":55,"PureWater":0,"InkBottle":43},{"Calipers":5,"Golden Idol":1,"Astrolabe":8,"Damaru":11,"PreservedInsect":13,"Ginger":6,"Letter Opener":12,"Akabeko":22,"Centennial Puzzle":22,"Ornamental Fan":24,"Pantograph":4,"Gambling Chip":19,"Toolbox":18,"Bag of Marbles":4,"Coffee Dripper":16,"Kunai":28,"PureWater":0,"InkBottle":21},{"Calipers":16,"Golden Idol":2,"Astrolabe":33,"Damaru":44,"PreservedInsect":53,"Ginger":24,"Letter Opener":49,"Akabeko":87,"Centennial Puzzle":87,"Ornamental Fan":97,"Pantograph":10,"Gambling Chip":76,"Toolbox":72,"Bag of Marbles":10,"Coffee Dripper":65,"Kunai":120,"PureWater":0,"InkBottle":83}],"InkBottle":[33]},"card_choices":[{"not_picked":["The Bomb","Magnetism"],"picked":"Thinking Ahead","floor":0.0},{"not_picked":["JustLucky","ThirdEye"],"picked":"FlyingSleeves","floor":1.0},{"not_picked":["Vengeance","ThirdEye"],"picked":"EmptyFist","floor":4.0},{"not_picked":["SignatureMove","EmptyFist"],"picked":"SandsOfTime","floor":5.0},{"not_picked":["SandsOfTime","PathToVictory","Consecrate"],"picked":"SKIP","floor":7.0},{"not_picked":["WindmillStrike","ThirdEye"],"picked":"MentalFortress","floor":10.0},{"not_picked":["SashWhip","Vengeance"],"picked":"BowlingBash","floor":12.0},{"not_picked":["JustLucky","EmptyBody"],"picked":"CrushJoints","floor":14.0},{"not_picked":["Ragnarok","Devotion"],"picked":"Scrawl","floor":16.0},{"not_picked":["Crescendo","FlurryOfBlows"],"picked":"Tantrum","floor":18.0},{"not_picked":["WindmillStrike","FollowUp"],"picked":"InnerPeace","floor":22.0},{"not_picked":["Fasting2","FlurryOfBlows","SignatureMove"],"picked":"SKIP","floor":23.0},{"not_picked":["EmptyBody","SashWhip","Halt"],"picked":"SKIP","floor":25.0},{"not_picked":["Fasting2","JustLucky","EmptyBody"],"picked":"SKIP","floor":27.0},{"not_picked":["Nirvana","Perseverance","Consecrate"],"picked":"SKIP","floor":29},{"not_picked":["Sanctity","EmptyFist","Indignation+1"],"picked":"SKIP","floor":31},{"not_picked":["Sanctity","EmptyFist","Indignation+1"],"picked":"SKIP","floor":31},{"not_picked":["DeusExMachina","DevaForm"],"picked":"Vault","floor":33},{"not_picked":["Prostrate","CutThroughFate","CrushJoints"],"picked":"SKIP","floor":35},{"not_picked":["SandsOfTime","CarveReality"],"picked":"EmptyBody","floor":36},{"not_picked":["Discovery","Dramatic Entrance"],"picked":"Secret Technique","floor":38},{"not_picked":["HandOfGreed","Enlightenment"],"picked":"Flash of Steel","floor":38},{"not_picked":["Crescendo","SashWhip+1","WaveOfTheHand"],"picked":"SKIP","floor":41},{"not_picked":["Consecrate","JustLucky","SashWhip"],"picked":"SKIP","floor":42},{"not_picked":["SignatureMove+1","JustLucky","CarveReality"],"picked":"SKIP","floor":44},{"not_picked":["Protect","CutThroughFate"],"picked":"Establishment","floor":46},{"not_picked":["BowlingBash","CutThroughFate","Collect"],"picked":"SKIP","floor":47},{"not_picked":["Crescendo","Perseverance"],"picked":"Prostrate","floor":48},{"not_picked":["Judgement","SashWhip","CutThroughFate+1"],"picked":"SKIP","floor":55}],"player_experience":1357469,"relics_obtained":[{"floor":7.0,"key":"Bag of Marbles"},{"floor":9.0,"key":"Pantograph"},{"floor":10.0,"key":"Calipers"},{"floor":12.0,"key":"Ginger"},{"floor":23.0,"key":"Damaru"},{"floor":25.0,"key":"Letter Opener"},{"floor":27.0,"key":"PreservedInsect"},{"floor":39,"key":"Gambling Chip"},{"floor":43,"key":"InkBottle"},{"floor":44,"key":"Centennial Puzzle"},{"floor":47,"key":"Ornamental Fan"},{"floor":55,"key":"Kunai"}],"event_choices":[{"damage_healed":0.0,"max_hp_gain":0.0,"max_hp_loss":6.0,"gold_gain":0.0,"event_name":"Golden Idol","player_choice":"Lose Max HP","floor":2.0,"gold_loss":0.0,"damage_taken":0.0,"relics_obtained":["Golden Idol"]},{"damage_healed":0.0,"max_hp_gain":5.0,"max_hp_loss":0.0,"gold_gain":0.0,"event_name":"Big Fish","player_choice":"Donut","floor":3.0,"gold_loss":0.0,"damage_taken":0.0},{"damage_healed":0.0,"max_hp_gain":0.0,"max_hp_loss":0.0,"gold_gain":0.0,"event_name":"Scrap Ooze","player_choice":"Fled","floor":13.0,"gold_loss":0.0,"damage_taken":0.0},{"damage_healed":0.0,"max_hp_gain":0.0,"max_hp_loss":0.0,"gold_gain":0.0,"event_name":"Ghosts","player_choice":"Ignored","floor":19.0,"gold_loss":0.0,"damage_taken":0.0},{"damage_healed":0.0,"max_hp_gain":0.0,"max_hp_loss":0.0,"gold_gain":50.0,"event_name":"Golden Shrine","player_choice":"Pray","floor":21.0,"gold_loss":0.0,"damage_taken":0.0},{"damage_healed":0,"gold_gain":0,"cards_transformed":["Strike_P","Strike_P"],"player_choice":"Became Test Subject","damage_taken":0,"max_hp_gain":0,"max_hp_loss":0,"event_name":"Drug Dealer","floor":30,"gold_loss":0,"cards_obtained":["MasterReality","Meditate"]},{"damage_healed":0,"gold_gain":0,"player_choice":"Memory 3","damage_taken":10,"max_hp_gain":0,"max_hp_loss":0,"event_name":"SensoryStone","floor":38,"gold_loss":0},{"damage_healed":0,"gold_gain":0,"player_choice":"Fight","damage_taken":0,"max_hp_gain":0,"max_hp_loss":0,"event_name":"MindBloom","floor":39,"gold_loss":0},{"cards_removed":["Flash of Steel"],"damage_healed":0,"gold_gain":0,"player_choice":"Gave Card","damage_taken":0,"relics_obtained":["Akabeko"],"max_hp_gain":0,"max_hp_loss":0,"event_name":"WeMeetAgain","floor":45,"gold_loss":0}],"is_beta":false,"boss_relics":[{"not_picked":["Runic Pyramid","Snecko Eye"],"picked":"Astrolabe"},{"not_picked":["Sozu","Fusion Hammer"],"picked":"Coffee Dripper"}],"items_purged_floors":[8,20,37,54],"is_endless":false,"potions_floor_spawned":[4,12,16,18,23,29,31,33,36,41,42,46,48],"killed_by":"The Heart","ascension_level":20}