{"gold_per_floor":[119,119,137,50,61,61,79,97,97,129,129,162,187,204,204,279,279,291,324,249,249,149,149,149,149,149,181,192,192,206,217,217,293,293,303,316,333,108,118,118,118,150,201,226,151,201,216,251,251,251],"floor_reached":50,"playtime":3838,"items_purged":["Defend_P","Strike_P","Strike_P","Strike_P"],"score":1180,"play_id":"576e021d-6e9e-4d7e-b7cf-813fc666c681","local_time":"20230127193107","is_ascension_mode":true,"campfire_choices":[{"data":"Brilliance","floor":6.0,"key":"SMITH"},{"data":"EmptyFist","floor":11,"key":"SMITH"},{"data":"Eruption","floor":15,"key":"SMITH"},{"data":"Adaptation","floor":23,"key":"SMITH"},{"floor":25,"key":"REST"},{"data":"CutThroughFate","floor":32,"key":"SMITH"},{"floor":41,"key":"RECALL"},{"data":"Vigilance","floor":49,"key":"SMITH"}],"neow_cost":"NONE","seed_source_timestamp":755484500811300,"circlet_count":0,"master_deck":["AscendersBane","Defend_P","Defend_P","Eruption+1","Vigilance+1","FlyingSleeves","Adaptation+1","Brilliance+1","CutThroughFate+1","EmptyFist+1","DeusExMachina","Indignation","Study"],"special_seed":0,"relics":["PureWater","CaptainsWheel","Thread and Needle","WingedGreaves","Bag of Preparation","Runic Pyramid","Red Mask","Yang","Letter Opener","VioletLotus","Membership Card","White Beast Statue","GoldenEye","Ginger","Pocketwatch"],"potions_floor_usage":[16,27,27,42,46],"damage_taken":[{"damage":2.0,"enemies":"Jaw Worm","floor":1.0,"turns":3.0},{"damage":0.0,"enemies":"Cultist","floor":3.0,"turns":2.0},{"damage":4.0,"enemies":"Small Slimes","floor":5.0,"turns":3.0},{"damage":3.0,"enemies":"3 Louse","floor":7.0,"turns":4.0},{"damage":3.0,"enemies":"Blue Slaver","floor":8.0,"turns":3.0},{"damage":0.0,"enemies":"3 Sentries","floor":10.0,"turns":6.0},{"damage":6,"enemies":"Lagavulin","floor":12,"turns":6},{"damage":0,"enemies":"Gremlin Nob","floor":13,"turns":2},{"damage":1,"enemies":"Large Slime","floor":14,"turns":3},{"damage":19,"enemies":"Hexaghost","floor":16,"turns":7},{"damage":0,"enemies":"Chosen","floor":18,"turns":2},{"damage":0,"enemies":"Masked Bandits","floor":19,"turns":2},{"damage":7,"enemies":"Slavers","floor":27,"turns":3},{"damage":1,"enemies":"Shell Parasite","floor":28,"turns":2},{"damage":0,"enemies":"Centurion and Healer","floor":30,"turns":3},{"damage":0,"enemies":"Snecko","floor":31,"turns":3},{"damage":5,"enemies":"Champ","floor":33,"turns":8},{"damage":0,"enemies":"3 Shapes","floor":35,"turns":3},{"damage":0,"enemies":"3 Darklings","floor":36,"turns":4},{"damage":0,"enemies":"Sphere and 2 Shapes","floor":37,"turns":3},{"damage":0,"enemies":"Maw","floor":39,"turns":3},{"damage":6,"enemies":"Reptomancer","floor":42,"turns":4},{"damage":0,"enemies":"Mind Bloom Boss Battle","floor":44,"turns":4},{"damage":0,"enemies":"2 Orb Walkers","floor":46,"turns":2},{"damage":0,"enemies":"Jaw Worm Horde","floor":47,"turns":3},{"damage":39,"enemies":"Nemesis","floor":48,"turns":5},{"damage":22,"enemies":"Donu and Deca","floor":50,"turns":1}],"seed_played":"7478560180034924940","potions_obtained":[{"floor":5.0,"key":"Weak Potion"},{"floor":13,"key":"StancePotion"},{"floor":14,"key":"Swift Potion"},{"floor":18,"key":"FearPotion"},{"floor":31,"key":"Explosive Potion"},{"floor":37,"key":"DuplicationPotion"},{"floor":39,"key":"Swift Potion"},{"floor":44,"key":"BlessingOfTheForge"},{"floor":46,"key":"Dexterity Potion"},{"floor":47,"key":"Fire Potion"},{"floor":48,"key":"Weak Potion"}],"is_trial":false,"path_per_floor":["M","?","M","$","M","R","M","M","T","E","R","E","E","M","R","B",null,"M","?","$","?","$","R","?","R","T","E","M","?","M","M","R","B",null,"M","M","M","$","M","?","R","E","T","?","$","?","M","E","R","B"],"character_chosen":"WATCHER","items_purchased":["Adaptation","Membership Card"],"campfire_rested":1,"item_purchase_floors":[4,38],"current_hp_per_floor":[59,59,59,59,55,55,52,49,49,49,49,43,43,42,42,23,57,57,57,57,38,38,38,38,59,59,52,51,51,51,51,51,46,66,66,66,66,66,66,66,66,60,60,60,60,60,60,21,21,0],"gold":251,"neow_bonus":"REMOVE_CARD","is_prod":false,"is_daily":false,"chose_seed":false,"campfire_upgraded":6,"win_rate":0,"timestamp":1674865867,"path_taken":["M","?","M","$","M","R","?","M","T","E","R","E","E","?","R","BOSS","M","?","$","?","$","R","?","R","T","E","M","?","M","M","R","BOSS","M","M","M","$","M","?","R","E","T","?","$","?","M","E","R","BOSS"],"build_version":"2022-12-18","purchased_purges":4,"victory":false,"max_hp_per_floor":[68,68,68,68,68,68,68,68,68,68,68,68,68,68,68,68,68,68,68,68,73,73,73,73,73,73,73,73,73,73,73,73,73,73,73,73,73,73,73,69,69,69,69,69,69,69,69,69,69,69],"card_choices":[{"not_picked":["WindmillStrike","CrushJoints"],"picked":"CutThroughFate","floor":1.0},{"not_picked":["Protect","JustLucky"],"picked":"FlyingSleeves","floor":3.0},{"not_picked":["EmptyBody","CrushJoints"],"picked":"Brilliance","floor":5.0},{"not_picked":["Crescendo","Indignation"],"picked":"CutThroughFate","floor":7.0},{"not_picked":["Nirvana","Protect"],"picked":"EmptyFist","floor":8.0},{"not_picked":["CutThroughFate","EmptyBody","JustLucky"],"picked":"SKIP","floor":10},{"not_picked":["EmptyBody","PathToVictory","CrushJoints"],"picked":"SKIP","floor":12},{"not_picked":["PathToVictory","CutThroughFate","BowlingBash"],"picked":"SKIP","floor":13},{"not_picked":["PathToVictory","CutThroughFate","BowlingBash"],"picked":"SKIP","floor":13},{"not_picked":["PathToVictory","CutThroughFate","BowlingBash"],"picked":"SKIP","floor":13},{"not_picked":["Consecrate","PathToVictory","SashWhip"],"picked":"SKIP","floor":14},{"not_picked":["Alpha","SpiritShield"],"picked":"DeusExMachina","floor":16},{"not_picked":["EmptyBody+1","BowlingBash","Sanctity+1"],"picked":"SKIP","floor":18},{"not_picked":["Alpha","Protect","FollowUp"],"picked":"SKIP","floor":27},{"not_picked":["WindmillStrike","SandsOfTime","FollowUp"],"picked":"SKIP","floor":28},{"not_picked":["SashWhip","ClearTheMind","Wireheading"],"picked":"SKIP","floor":30},{"not_picked":["BattleHymn","Crescendo"],"picked":"Indignation","floor":31},{"not_picked":["InnerPeace","BowlingBash+1","FlyingSleeves"],"picked":"SKIP","floor":35},{"not_picked":["Wallop","FlyingSleeves","SashWhip"],"picked":"SKIP","floor":36},{"not_picked":["Crescendo","FlurryOfBlows","Nirvana"],"picked":"SKIP","floor":37},{"not_picked":["Crescendo","Collect+1","Study"],"picked":"SKIP","floor":39},{"not_picked":["Crescendo","Collect+1","Study"],"picked":"SKIP","floor":39},{"not_picked":["EmptyFist","Crescendo","Nirvana"],"picked":"SKIP","floor":42},{"not_picked":["BowlingBash","Worship","Study"],"picked":"SKIP","floor":47},{"not_picked":["BowlingBash","Worship"],"picked":"Study","floor":47},{"not_picked":["DeceiveReality","CutThroughFate","LikeWater"],"picked":"SKIP","floor":48}],"player_experience":1412367,"relics_obtained":[{"floor":9.0,"key":"Thread and Needle"},{"floor":12,"key":"WingedGreaves"},{"floor":13,"key":"Bag of Preparation"},{"floor":19,"key":"Red Mask"},{"floor":26,"key":"Yang"},{"floor":27,"key":"Letter Opener"},{"floor":42,"key":"White Beast Statue"},{"floor":44,"key":"GoldenEye"},{"floor":46,"key":"Ginger"},{"floor":48,"key":"Pocketwatch"}],"event_choices":[{"cards_removed":["CutThroughFate"],"damage_healed":0.0,"max_hp_gain":0.0,"max_hp_loss":0.0,"gold_gain":0.0,"event_name":"WeMeetAgain","player_choice":"Gave Card","floor":2.0,"gold_loss":0.0,"damage_taken":0.0,"relics_obtained":["CaptainsWheel"]},{"damage_healed":0,"gold_gain":0,"player_choice":"Fought Bandits","damage_taken":0,"max_hp_gain":0,"max_hp_loss":0,"event_name":"Masked Bandits","floor":19,"gold_loss":0},{"damage_healed":0,"gold_gain":0,"player_choice":"Shed Blood","damage_taken":24,"max_hp_gain":5,"max_hp_loss":0,"event_name":"Forgotten Altar","floor":21,"gold_loss":0},{"damage_healed":0,"gold_gain":0,"player_choice":"Ignored","damage_taken":0,"max_hp_gain":0,"max_hp_loss":0,"event_name":"Cursed Tome","floor":24,"gold_loss":0},{"cards_removed":["Strike_P"],"damage_healed":0,"gold_gain":0,"player_choice":"Elegance","damage_taken":0,"max_hp_gain":0,"max_hp_loss":0,"event_name":"Back to Basics","floor":29,"gold_loss":0},{"damage_healed":0,"gold_gain":0,"player_choice":"Max HP","damage_taken":0,"max_hp_gain":0,"max_hp_loss":4,"event_name":"Winding Halls","floor":40,"gold_loss":0},{"damage_healed":0,"gold_gain":0,"player_choice":"Fight","damage_taken":0,"max_hp_gain":0,"max_hp_loss":0,"event_name":"MindBloom","floor":44,"gold_loss":0},{"damage_healed":0,"gold_gain":0,"player_choice":"Fight","damage_taken":0,"max_hp_gain":0,"max_hp_loss":0,"event_name":"Mysterious Sphere","floor":46,"gold_loss":0}],"is_beta":false,"boss_relics":[{"not_picked":["Fusion Hammer","Calling Bell"],"picked":"Runic Pyramid"},{"not_picked":["Velvet Choker","Astrolabe"],"picked":"VioletLotus"}],"items_purged_floors":[20,22,38,45],"is_endless":false,"potions_floor_spawned":[5,13,14,18,31,37,39,44,46,47,48],"killed_by":"Donu and Deca","ascension_level":20}