{"gold_per_floor":[114,128,23,33,52,77,77,77,152,177,177,177,212,212,212,283,283,302,29,29,40,52,52,52,52,52,52,80,98,13,13],"floor_reached":31,"playtime":1594,"items_purged":["Doubt","Strike_P"],"score":542,"play_id":"5c4cac63-bec8-4e4c-904f-870429ab6e42","local_time":"20230119211501","is_ascension_mode":true,"campfire_choices":[{"data":"Eruption","floor":7,"key":"SMITH"},{"data":"EmptyFist","floor":12,"key":"SMITH"},{"data":"WindmillStrike","floor":15,"key":"SMITH"},{"data":"Adaptation","floor":23,"key":"SMITH"},{"data":"Vault","floor":27,"key":"SMITH"}],"neow_cost":"CURSE","seed_source_timestamp":72772972898000,"circlet_count":0,"master_deck":["AscendersBane","Strike_P","Strike_P","Strike_P","Defend_P","Defend_P","Eruption+1","Vigilance","DevaForm","Wireheading","EmptyFist+1","WindmillStrike+1","FlurryOfBlows","Prostrate","Adaptation+1","Vault","Vault+1"],"relics":["PureWater","CloakClasp","Pen Nib","Juzu Bracelet","VioletLotus","Medical Kit","Bottled Lightning","StrikeDummy","Bronze Scales"],"potions_floor_usage":[6,18,22,28,31],"damage_taken":[{"damage":17,"enemies":"Small Slimes","floor":1,"turns":3},{"damage":3,"enemies":"2 Louse","floor":2,"turns":3},{"damage":0,"enemies":"Cultist","floor":4,"turns":2},{"damage":0,"enemies":"Red Slaver","floor":5,"turns":1},{"damage":14,"enemies":"3 Sentries","floor":6,"turns":5},{"damage":6,"enemies":"Lagavulin","floor":10,"turns":5},{"damage":2,"enemies":"Gremlin Nob","floor":13,"turns":3},{"damage":18,"enemies":"The Guardian","floor":16,"turns":9},{"damage":0,"enemies":"2 Thieves","floor":18,"turns":4},{"damage":0,"enemies":"Chosen","floor":21,"turns":4},{"damage":4,"enemies":"Shelled Parasite and Fungi","floor":22,"turns":2},{"damage":18,"enemies":"Slavers","floor":28,"turns":7},{"damage":8,"enemies":"Centurion and Healer","floor":29,"turns":5},{"damage":29,"enemies":"Book of Stabbing","floor":31,"turns":6}],"seed_played":"-8209026311679597392","potions_obtained":[{"floor":5,"key":"Explosive Potion"},{"floor":6,"key":"Block Potion"},{"floor":10,"key":"AttackPotion"},{"floor":18,"key":"FearPotion"},{"floor":29,"key":"Regen Potion"}],"is_trial":false,"path_per_floor":["M","M","$","M","M","E","R","?","T","E","?","R","E","?","R","B",null,"M","$","?","M","M","R","?","?","T","R","E","M","?","E"],"character_chosen":"WATCHER","items_purchased":["FlurryOfBlows","Medical Kit"],"campfire_rested":0,"item_purchase_floors":[3,19],"current_hp_per_floor":[44,41,41,41,41,27,27,49,49,43,43,43,41,41,41,23,57,57,57,57,57,53,53,53,34,34,34,16,8,8,0],"gold":13,"neow_bonus":"TRANSFORM_TWO_CARDS","is_prod":false,"is_daily":false,"chose_seed":false,"campfire_upgraded":5,"win_rate":0,"timestamp":1674180901,"path_taken":["M","M","$","M","M","E","R","?","T","E","?","R","E","?","R","BOSS","M","$","?","M","M","R","?","?","T","R","E","M","?","E"],"build_version":"2022-12-18","purchased_purges":2,"victory":false,"max_hp_per_floor":[68,68,68,68,68,68,68,68,68,68,68,68,68,68,68,68,68,68,68,68,68,68,68,68,73,73,73,73,73,73,73],"relic_stats":{"counters":[14,59],"Bronze Scales":[24],"Pen Nib":[8],"VioletLotus":[5],"CloakClasp":[96],"Juzu Bracelet":1,"Bottled Lightning":"Vault","PureWater":[11],"Medical Kit":[6],"obtain_stats":[{"Bronze Scales":30,"Pen Nib":10,"VioletLotus":17,"CloakClasp":6,"Juzu Bracelet":13,"Bottled Lightning":26,"PureWater":0,"Medical Kit":19,"StrikeDummy":28},{"Bronze Scales":13,"Pen Nib":6,"VioletLotus":8,"CloakClasp":5,"Juzu Bracelet":7,"Bottled Lightning":11,"PureWater":0,"Medical Kit":9,"StrikeDummy":12},{"Bronze Scales":53,"Pen Nib":19,"VioletLotus":31,"CloakClasp":14,"Juzu Bracelet":22,"Bottled Lightning":41,"PureWater":0,"Medical Kit":35,"StrikeDummy":48}]},"card_choices":[{"not_picked":["JustLucky","Halt"],"picked":"EmptyFist","floor":1},{"not_picked":["WheelKick","BowlingBash"],"picked":"WindmillStrike","floor":2},{"not_picked":["WreathOfFlame","WaveOfTheHand"],"picked":"Prostrate","floor":4},{"not_picked":["BattleHymn","Nirvana","Swivel"],"picked":"SKIP","floor":5},{"not_picked":["FlurryOfBlows","Omniscience","ClearTheMind"],"picked":"SKIP","floor":6},{"not_picked":["SignatureMove","WreathOfFlame"],"picked":"Adaptation","floor":10},{"not_picked":["BowlingBash","ForeignInfluence","JustLucky"],"picked":"SKIP","floor":13},{"not_picked":["DeusExMachina","Brilliance"],"picked":"Vault","floor":16},{"not_picked":["SashWhip","Tantrum","FollowUp"],"picked":"SKIP","floor":18},{"not_picked":["EmptyFist","CrushJoints"],"picked":"Vault","floor":21},{"not_picked":["Consecrate","Fasting2","Protect+1"],"picked":"SKIP","floor":22},{"not_picked":["Adaptation","EmptyMind","EmptyBody"],"picked":"SKIP","floor":28},{"not_picked":["BowlingBash","Prostrate","JustLucky"],"picked":"SKIP","floor":29}],"player_experience":1404146,"relics_obtained":[{"floor":6,"key":"CloakClasp"},{"floor":10,"key":"Pen Nib"},{"floor":13,"key":"Juzu Bracelet"},{"floor":26,"key":"Bottled Lightning"},{"floor":28,"key":"StrikeDummy"}],"event_choices":[{"damage_healed":22,"gold_gain":0,"player_choice":"Banana","damage_taken":0,"max_hp_gain":0,"max_hp_loss":0,"event_name":"Big Fish","floor":8,"gold_loss":0},{"damage_healed":0,"gold_gain":0,"player_choice":"Ignored","damage_taken":0,"max_hp_gain":0,"max_hp_loss":0,"event_name":"WeMeetAgain","floor":11,"gold_loss":0},{"damage_healed":0,"gold_gain":0,"player_choice":"0 cards matched","damage_taken":0,"max_hp_gain":0,"max_hp_loss":0,"event_name":"Match and Keep!","floor":14,"gold_loss":0,"cards_obtained":[]},{"damage_healed":0,"gold_gain":0,"player_choice":"Ignored","damage_taken":0,"max_hp_gain":0,"max_hp_loss":0,"event_name":"The Mausoleum","floor":20,"gold_loss":0},{"damage_healed":0,"gold_gain":0,"player_choice":"Ignored","damage_taken":0,"max_hp_gain":0,"max_hp_loss":0,"event_name":"Ghosts","floor":24,"gold_loss":0},{"damage_healed":0,"gold_gain":0,"player_choice":"Shed Blood","damage_taken":24,"max_hp_gain":5,"max_hp_loss":0,"event_name":"Forgotten Altar","floor":25,"gold_loss":0},{"damage_healed":0,"gold_gain":0,"player_choice":"Obtained Relic","damage_taken":0,"relics_obtained":["Bronze Scales"],"max_hp_gain":0,"max_hp_loss":0,"event_name":"Addict","floor":30,"gold_loss":85}],"is_beta":false,"boss_relics":[{"not_picked":["Calling Bell","HolyWater"],"picked":"VioletLotus"}],"items_purged_floors":[3,19],"is_endless":false,"potions_floor_spawned":[5,6,10,13,16,18,21,29],"killed_by":"Book of Stabbing","ascension_level":20}