{"gold_per_floor":[113,123,141,66,86,86,97,116,116,216,245,245,272,285,285,364,364,377,377,377,377,302,302,333,333,333,333,349,359,259,291,291,291],"floor_reached":33,"playtime":1393,"items_purged":["Defend_P","Parasite"],"score":640,"play_id":"cba72c2c-5c66-4cd0-945a-8ec693091911","local_time":"20230217183752","is_ascension_mode":true,"campfire_choices":[{"data":"Eruption","floor":6.0,"key":"SMITH"},{"data":"EmptyFist","floor":12.0,"key":"SMITH"},{"data":"WindmillStrike","floor":15.0,"key":"SMITH"},{"data":"Vault","floor":23,"key":"SMITH"},{"data":"MentalFortress","floor":25,"key":"SMITH"},{"data":"FlurryOfBlows","floor":27,"key":"SMITH"},{"floor":32,"key":"REST"}],"neow_cost":"NONE","seed_source_timestamp":230373248994800,"circlet_count":0,"master_deck":["AscendersBane","Strike_P+1","Strike_P+1","Defend_P+1","Defend_P+1","Defend_P+1","Eruption+1","Vigilance","EmptyFist+1","FlurryOfBlows+1","Crescendo","WindmillStrike+1","Indignation","MentalFortress+1","Consecrate+1","Vault+1","WheelKick+1","SandsOfTime+1","InnerPeace","Evaluate","Indignation"],"special_seed":0,"relics":["PureWater","Regal Pillow","Ornamental Fan","Molten Egg 2","Juzu Bracelet","Cursed Key","Bottled Tornado","Vajra"],"potions_floor_usage":[16,16],"damage_taken":[{"damage":0.0,"enemies":"Cultist","floor":1.0,"turns":2.0},{"damage":0.0,"enemies":"Small Slimes","floor":2.0,"turns":2.0},{"damage":7.0,"enemies":"Jaw Worm","floor":3.0,"turns":4.0},{"damage":10.0,"enemies":"Red Slaver","floor":5.0,"turns":4.0},{"damage":9.0,"enemies":"Exordium Wildlife","floor":7.0,"turns":3.0},{"damage":0.0,"enemies":"2 Fungi Beasts","floor":8.0,"turns":2.0},{"damage":5.0,"enemies":"Gremlin Nob","floor":11.0,"turns":3.0},{"damage":9.0,"enemies":"3 Sentries","floor":13.0,"turns":5.0},{"damage":8.0,"enemies":"3 Louse","floor":14.0,"turns":3.0},{"damage":1,"enemies":"Hexaghost","floor":16,"turns":6},{"damage":1,"enemies":"3 Byrds","floor":18,"turns":4},{"damage":27,"enemies":"Slavers","floor":24,"turns":3},{"damage":0,"enemies":"Chosen","floor":28,"turns":3},{"damage":1,"enemies":"Centurion and Healer","floor":29,"turns":2},{"damage":0,"enemies":"Gremlin Leader","floor":31,"turns":4},{"damage":66,"enemies":"Automaton","floor":33,"turns":7}],"seed_played":"8741974802811686776","potions_obtained":[{"floor":3.0,"key":"StancePotion"},{"floor":5.0,"key":"GamblersBrew"},{"floor":7.0,"key":"DuplicationPotion"},{"floor":13.0,"key":"Regen Potion"},{"floor":28,"key":"Fire Potion"},{"floor":29,"key":"Explosive Potion"}],"is_trial":false,"path_per_floor":["M","M","M","$","M","R","M","M","T","?","E","R","E","M","R","B",null,"M","?","?","?","?","R","E","R","T","R","M","M","$","E","R","B"],"character_chosen":"WATCHER","basemod:card_modifiers":[null,null,null,null,null,null,null,null,null,null,null,null,null,null,null,null,null,null,null,null,null],"items_purchased":[],"campfire_rested":1,"item_purchase_floors":[],"current_hp_per_floor":[61,61,54,54,44,44,35,35,35,35,30,30,21,13,13,26,58,57,57,57,57,57,57,30,30,30,30,30,29,29,29,63,0],"gold":291,"neow_bonus":"RANDOM_COMMON_RELIC","is_prod":false,"is_daily":false,"chose_seed":false,"campfire_upgraded":6,"win_rate":0,"timestamp":1676677072,"path_taken":["M","M","M","?","M","R","M","M","T","?","E","R","E","M","R","BOSS","M","?","?","?","?","R","E","R","T","R","M","M","$","E","R","BOSS"],"build_version":"2022-12-18","purchased_purges":2,"victory":false,"max_hp_per_floor":[68,68,68,68,68,68,68,68,68,68,68,68,68,68,68,68,68,68,68,68,68,68,68,68,68,68,68,68,68,65,65,65,65],"relic_stats":{"Regal Pillow":15,"counters":[16,57],"Ornamental Fan":[68],"Juzu Bracelet":2,"PureWater":[9],"Bottled Tornado":"MentalFortress","Cursed Key":1,"obtain_stats":[{"Regal Pillow":0,"Ornamental Fan":9,"Vajra":31,"Molten Egg 2":11,"Juzu Bracelet":13,"PureWater":0,"Bottled Tornado":24,"Cursed Key":17},{"Regal Pillow":0,"Ornamental Fan":6,"Vajra":15,"Molten Egg 2":7,"Juzu Bracelet":8,"PureWater":0,"Bottled Tornado":12,"Cursed Key":10},{"Regal Pillow":0,"Ornamental Fan":17,"Vajra":50,"Molten Egg 2":20,"Juzu Bracelet":25,"PureWater":0,"Bottled Tornado":41,"Cursed Key":34}]},"card_choices":[{"not_picked":["Evaluate","FlyingSleeves","SashWhip"],"picked":"SKIP","floor":1.0},{"not_picked":["BattleHymn","FollowUp"],"picked":"EmptyFist","floor":2.0},{"not_picked":["MasterReality","JustLucky","Perseverance"],"picked":"SKIP","floor":3.0},{"not_picked":["MasterReality","JustLucky","Perseverance"],"picked":"SKIP","floor":3.0},{"not_picked":["Protect","Nirvana"],"picked":"FlurryOfBlows","floor":5.0},{"not_picked":["CrushJoints","BowlingBash"],"picked":"Crescendo","floor":7.0},{"not_picked":["DeceiveReality","Prostrate"],"picked":"WindmillStrike","floor":8.0},{"not_picked":["MasterReality","ConjureBlade"],"picked":"Indignation","floor":11.0},{"not_picked":["Consecrate+1","ThirdEye"],"picked":"MentalFortress","floor":13.0},{"not_picked":["JustLucky+1","Evaluate"],"picked":"Consecrate+1","floor":14.0},{"not_picked":["Alpha","MasterReality"],"picked":"Vault","floor":16},{"not_picked":["Consecrate+1","Prostrate"],"picked":"WheelKick+1","floor":18},{"not_picked":["FlurryOfBlows+1","JustLucky+1"],"picked":"InnerPeace","floor":24},{"not_picked":["SashWhip+1","BattleHymn","LikeWater"],"picked":"SKIP","floor":28},{"not_picked":["Nirvana+1","WheelKick+1"],"picked":"Evaluate","floor":29},{"not_picked":["LikeWater","ConjureBlade"],"picked":"Indignation","floor":31}],"player_experience":1434251,"relics_obtained":[{"floor":9.0,"key":"Ornamental Fan"},{"floor":11.0,"key":"Molten Egg 2"},{"floor":13.0,"key":"Juzu Bracelet"},{"floor":24,"key":"Bottled Tornado"},{"floor":31,"key":"Vajra"}],"event_choices":[{"damage_healed":0.0,"max_hp_gain":0.0,"max_hp_loss":0.0,"gold_gain":100.0,"event_name":"Wheel of Change","player_choice":"Gold","floor":10.0,"gold_loss":0.0,"damage_taken":0.0},{"damage_healed":0,"gold_gain":0,"player_choice":"Simplicity","damage_taken":0,"max_hp_gain":0,"max_hp_loss":0,"event_name":"Back to Basics","floor":19,"gold_loss":0,"cards_upgraded":["Strike_P","Strike_P","Strike_P","Strike_P","Defend_P","Defend_P","Defend_P"]},{"damage_healed":0,"gold_gain":0,"cards_transformed":["Strike_P"],"player_choice":"Transformed","damage_taken":0,"max_hp_gain":0,"max_hp_loss":0,"event_name":"Transmorgrifier","floor":20,"gold_loss":0,"cards_obtained":["SandsOfTime"]},{"damage_healed":0,"gold_gain":0,"player_choice":"Ignored","damage_taken":0,"max_hp_gain":0,"max_hp_loss":0,"event_name":"The Mausoleum","floor":21,"gold_loss":0},{"cards_removed":["Strike_P"],"damage_healed":0,"gold_gain":0,"player_choice":"Gave Gold","damage_taken":0,"max_hp_gain":0,"max_hp_loss":0,"event_name":"Beggar","floor":22,"gold_loss":75}],"is_beta":false,"boss_relics":[{"not_picked":["Calling Bell","SlaversCollar"],"picked":"Cursed Key"}],"items_purged_floors":[4,30],"is_endless":false,"potions_floor_spawned":[3,5,7,13,28,29,31],"killed_by":"Automaton","ascension_level":20}