{"gold_per_floor":[115,115,131,144,161,191,191,223,223,251,262,187,287,38,38,110,110,130,147,157,171,71,71,84,84,84,84],"floor_reached":27,"playtime":1166,"items_purged":["Defend_P","Strike_P"],"score":470,"play_id":"e8998515-7b9a-4192-89ad-080edb80eb62","local_time":"20230220210436","is_ascension_mode":true,"campfire_choices":[{"data":"Eruption","floor":7,"key":"SMITH"},{"floor":15,"key":"REST"},{"data":"Devotion","floor":23,"key":"SMITH"},{"floor":25,"key":"REST"}],"neow_cost":"NONE","seed_source_timestamp":498618419090200,"circlet_count":0,"master_deck":["AscendersBane","Strike_P","Strike_P","Strike_P","Defend_P","Defend_P+1","Defend_P","Eruption+1","Vigilance","Wallop","TalkToTheHand","FlurryOfBlows","Indignation","Pray+1","Devotion+1","Devotion","InnerPeace","Prostrate"],"relics":["PureWater","Bronze Scales","Bag of Preparation","Mercury Hourglass","Molten Egg 2","Centennial Puzzle","Runic Dome","War Paint"],"potions_floor_usage":[5,6,21,27,27],"damage_taken":[{"damage":2,"enemies":"Jaw Worm","floor":1,"turns":3},{"damage":0,"enemies":"Cultist","floor":3,"turns":4},{"damage":0,"enemies":"Small Slimes","floor":4,"turns":2},{"damage":6,"enemies":"Exordium Thugs","floor":5,"turns":4},{"damage":9,"enemies":"3 Sentries","floor":6,"turns":6},{"damage":22,"enemies":"Lagavulin","floor":8,"turns":10},{"damage":9,"enemies":"3 Sentries","floor":10,"turns":4},{"damage":0,"enemies":"Red Slaver","floor":11,"turns":2},{"damage":22,"enemies":"Hexaghost","floor":16,"turns":5},{"damage":4,"enemies":"3 Byrds","floor":18,"turns":3},{"damage":16,"enemies":"Chosen","floor":19,"turns":5},{"damage":1,"enemies":"Snecko","floor":20,"turns":4},{"damage":1,"enemies":"Chosen and Byrds","floor":21,"turns":3},{"damage":26,"enemies":"Shelled Parasite and Fungi","floor":24,"turns":3},{"damage":30,"enemies":"Slavers","floor":27,"turns":3}],"seed_played":"5129865397801184182","potions_obtained":[{"floor":2,"key":"Explosive Potion"},{"floor":2,"key":"Block Potion"},{"floor":3,"key":"PowerPotion"},{"floor":10,"key":"Energy Potion"},{"floor":16,"key":"EssenceOfSteel"},{"floor":18,"key":"StancePotion"},{"floor":21,"key":"BlessingOfTheForge"}],"is_trial":false,"path_per_floor":["M","?","M","M","M","E","R","E","T","E","M","$","?","$","R","B",null,"M","M","M","M","$","R","M","R","T","E"],"character_chosen":"WATCHER","basemod:card_modifiers":[null,null,null,null,null,null,null,null,null,null,null,null,null,null,null,null,null,null],"items_purchased":["Pray","Devotion"],"campfire_rested":2,"item_purchase_floors":[14,14],"current_hp_per_floor":[59,59,59,59,53,44,44,22,22,13,13,13,13,13,33,11,54,50,34,33,32,32,32,6,26,26,0],"gold":84,"neow_bonus":"RANDOM_COMMON_RELIC","is_prod":false,"is_daily":false,"chose_seed":false,"campfire_upgraded":2,"win_rate":0,"timestamp":1676945076,"path_taken":["M","?","?","M","M","E","R","E","T","E","M","$","?","$","R","BOSS","M","M","M","?","?","R","M","R","T","E"],"build_version":"2022-12-18","purchased_purges":2,"victory":false,"max_hp_per_floor":[68,68,68,68,68,68,68,68,68,68,68,68,68,68,68,68,68,68,68,68,68,68,68,68,68,68,68],"relic_stats":{"Centennial Puzzle":[21],"counters":[15,61],"Bronze Scales":[191],"Bag of Preparation":[20],"PureWater":[14],"War Paint":["Defend_P","Pray"],"obtain_stats":[{"Runic Dome":17,"Centennial Puzzle":10,"Bronze Scales":0,"Molten Egg 2":9,"Bag of Preparation":6,"PureWater":0,"War Paint":26,"Mercury Hourglass":8},{"Runic Dome":9,"Centennial Puzzle":7,"Bronze Scales":0,"Molten Egg 2":6,"Bag of Preparation":5,"PureWater":0,"War Paint":14,"Mercury Hourglass":6},{"Runic Dome":40,"Centennial Puzzle":33,"Bronze Scales":0,"Molten Egg 2":29,"Bag of Preparation":19,"PureWater":0,"War Paint":58,"Mercury Hourglass":29}],"Mercury Hourglass":[144]},"card_choices":[{"not_picked":["ClearTheMind","Halt"],"picked":"Wallop","floor":1},{"not_picked":["ThirdEye","Evaluate","JustLucky"],"picked":"SKIP","floor":3},{"not_picked":["ForeignInfluence","ClearTheMind","Swivel"],"picked":"SKIP","floor":4},{"not_picked":["EmptyBody","LikeWater","Sanctity"],"picked":"SKIP","floor":5},{"not_picked":["BowlingBash","WreathOfFlame"],"picked":"TalkToTheHand","floor":6},{"not_picked":["EmptyBody","MentalFortress"],"picked":"FlurryOfBlows","floor":8},{"not_picked":["Swivel","WindmillStrike+1","LikeWater"],"picked":"SKIP","floor":10},{"not_picked":["Halt","FlyingSleeves+1"],"picked":"Indignation","floor":11},{"not_picked":["Wish","Blasphemy"],"picked":"Devotion","floor":16},{"not_picked":["BowlingBash+1","ClearTheMind"],"picked":"InnerPeace","floor":18},{"not_picked":["Consecrate+1","SignatureMove+1"],"picked":"Prostrate","floor":19},{"not_picked":["Perseverance","Indignation","Evaluate"],"picked":"SKIP","floor":20},{"not_picked":["WindmillStrike+1","ClearTheMind","Wish"],"picked":"SKIP","floor":21},{"not_picked":["Halt","Fasting2","FlurryOfBlows+1"],"picked":"SKIP","floor":24}],"player_experience":1453936,"relics_obtained":[{"floor":6,"key":"Bag of Preparation"},{"floor":8,"key":"Mercury Hourglass"},{"floor":9,"key":"Molten Egg 2"},{"floor":10,"key":"Centennial Puzzle"},{"floor":26,"key":"War Paint"}],"event_choices":[{"damage_healed":0,"gold_gain":0,"player_choice":"Got Potions","damage_taken":0,"max_hp_gain":0,"max_hp_loss":0,"event_name":"Lab","floor":2,"gold_loss":0},{"damage_healed":0,"gold_gain":100,"player_choice":"Gold","damage_taken":0,"max_hp_gain":0,"max_hp_loss":0,"event_name":"Wheel of Change","floor":13,"gold_loss":0}],"is_beta":false,"boss_relics":[{"not_picked":["Snecko Eye","SlaversCollar"],"picked":"Runic Dome"}],"items_purged_floors":[12,22],"is_endless":false,"potions_floor_spawned":[3,10,16,18,20,21,24],"killed_by":"Slavers","ascension_level":20}