{"gold_per_floor":[18,38,38,54,54,82,82,109,109,135,152,169,189,214,214,287,287,335,4,4,22,66,101,101,162,162,187,87,101,158,158,158,235,235,252,127,171,171,215,255,105,105,105,169,179,179,235,284,284,314,344,344,344,62,92,92],"floor_reached":57,"playtime":3334,"items_purged":["Defend_P+1","Strike_P+1","Defend_P+1","ReachHeaven+1","Protect+1"],"score":3594,"play_id":"e3bb3a81-e2e3-4334-9766-e13fea55eea6","local_time":"20230219160513","is_ascension_mode":true,"campfire_choices":[{"data":"WheelKick","floor":7.0,"key":"SMITH"},{"floor":15.0,"key":"DIG"},{"floor":24.0,"key":"REST"},{"floor":32.0,"key":"DIG"},{"floor":46,"key":"DIG"},{"floor":49,"key":"RECALL"},{"floor":53,"key":"DIG"}],"neow_cost":"NO_GOLD","seed_source_timestamp":392047709543400,"circlet_count":0,"master_deck":["AscendersBane","Eruption+1","Vigilance+1","WheelKick+1","LessonLearned+1","Consecrate+1","InnerPeace+1","Crescendo+1","Wish+1","MentalFortress+1","MentalFortress+1","FlurryOfBlows+1","TalkToTheHand+1","EmptyMind+1","TalkToTheHand+1","Indignation+1","Meditate+1","Scrawl+1","Flash of Steel","Adaptation"],"special_seed":0,"relics":["PureWater","Art of War","Shovel","TeardropLocket","Orichalcum","Shuriken","TungstenRod","Astrolabe","Anchor","Letter Opener","Bag of Preparation","Torii","Question Card","FossilizedHelix","Philosopher\u0027s Stone","Ornamental Fan","Pantograph","Lantern","War Paint","Pear","Mercury Hourglass"],"potions_floor_usage":[56],"damage_taken":[{"damage":6.0,"enemies":"Small Slimes","floor":1.0,"turns":4.0},{"damage":0.0,"enemies":"Cultist","floor":2.0,"turns":2.0},{"damage":7.0,"enemies":"Jaw Worm","floor":4.0,"turns":4.0},{"damage":2.0,"enemies":"3 Sentries","floor":6.0,"turns":3.0},{"damage":16.0,"enemies":"Gremlin Nob","floor":8.0,"turns":3.0},{"damage":0.0,"enemies":"3 Sentries","floor":10.0,"turns":2.0},{"damage":0.0,"enemies":"Lots of Slimes","floor":11.0,"turns":2.0},{"damage":3.0,"enemies":"2 Fungi Beasts","floor":12.0,"turns":3.0},{"damage":0.0,"enemies":"Gremlin Gang","floor":13.0,"turns":2.0},{"damage":3.0,"enemies":"Lagavulin","floor":14.0,"turns":4.0},{"damage":0.0,"enemies":"Slime Boss","floor":16.0,"turns":3.0},{"damage":6.0,"enemies":"2 Thieves","floor":18.0,"turns":3.0},{"damage":3.0,"enemies":"3 Byrds","floor":21.0,"turns":8.0},{"damage":12.0,"enemies":"Snake Plant","floor":22.0,"turns":4.0},{"damage":45.0,"enemies":"Slavers","floor":23.0,"turns":3.0},{"damage":12.0,"enemies":"Book of Stabbing","floor":25.0,"turns":5.0},{"damage":0.0,"enemies":"Slavers","floor":27.0,"turns":2.0},{"damage":5.0,"enemies":"Shelled Parasite and Fungi","floor":29.0,"turns":5.0},{"damage":0.0,"enemies":"Book of Stabbing","floor":30.0,"turns":4.0},{"damage":0.0,"enemies":"Champ","floor":33.0,"turns":8.0},{"damage":0,"enemies":"Orb Walker","floor":35,"turns":2},{"damage":0,"enemies":"3 Shapes","floor":37,"turns":4},{"damage":0,"enemies":"Spire Growth","floor":39,"turns":4},{"damage":0,"enemies":"4 Shapes","floor":40,"turns":5},{"damage":0,"enemies":"Reptomancer","floor":44,"turns":4},{"damage":0,"enemies":"Jaw Worm Horde","floor":45,"turns":2},{"damage":0,"enemies":"Giant Head","floor":47,"turns":4},{"damage":0,"enemies":"Sphere and 2 Shapes","floor":48,"turns":3},{"damage":0,"enemies":"Donu and Deca","floor":50,"turns":6},{"damage":0,"enemies":"Awakened One","floor":51,"turns":5},{"damage":0,"enemies":"Shield and Spear","floor":55,"turns":3},{"damage":3,"enemies":"The Heart","floor":56,"turns":7}],"seed_played":"6060392291693050508","potions_obtained":[{"floor":1.0,"key":"Explosive Potion"},{"floor":4.0,"key":"Fire Potion"},{"floor":12.0,"key":"FairyPotion"},{"floor":18.0,"key":"EntropicBrew"},{"floor":25.0,"key":"PowerPotion"},{"floor":30.0,"key":"LiquidMemories"},{"floor":33.0,"key":"Energy Potion"},{"floor":55,"key":"Swift Potion"}],"is_trial":false,"path_per_floor":["M","M","?","M","$","E","R","E","T","E","M","M","M","E","R","B",null,"M","$","?","M","M","E","R","E","T","E","$","M","E","?","R","B",null,"M","$","M","?","M","M","$","?","T","E","M","R","E","M","R","B","B",null,"R","$","E","B",null],"character_chosen":"WATCHER","basemod:card_modifiers":[null,null,null,null,null,null,null,null,null,null,null,null,null,null,null,null,null,null,null,null],"items_purchased":["MentalFortress","Anchor","Flash of Steel"],"campfire_rested":1,"item_purchase_floors":[19,19,54],"current_hp_per_floor":[55,55,55,48,48,46,46,30,30,30,30,27,27,24,24,24,57,51,51,51,48,36,20,40,28,28,28,28,23,23,23,23,23,57,57,57,57,57,57,57,57,57,57,57,57,57,57,57,57,68,68,68,78,78,78,75],"gold":92,"neow_bonus":"TRANSFORM_TWO_CARDS","is_prod":false,"is_daily":false,"chose_seed":false,"campfire_upgraded":1,"win_rate":0,"timestamp":1676840713,"path_taken":["M","M","?","M","$","E","R","E","T","E","M","M","?","E","R","BOSS","M","$","?","M","M","E","R","E","T","E","$","?","E","?","R","BOSS","M","$","M","?","M","M","$","?","T","E","M","R","E","M","R","BOSS","BOSS","R","$","E","BOSS"],"build_version":"2022-12-18","purchased_purges":5,"victory":true,"max_hp_per_floor":[68,68,68,68,68,68,68,68,68,68,68,68,68,68,68,68,68,68,68,68,68,68,68,68,68,68,68,68,68,68,68,68,68,68,68,68,68,68,68,68,68,68,68,68,68,68,68,68,68,68,68,68,78,78,78,78],"relic_stats":{"Torii":32,"counters":[32,123],"Astrolabe":["Conclude","Wish","Protect"],"Bag of Preparation":[32],"Letter Opener":[226],"Orichalcum":[54],"War Paint":["Meditate","Indignation"],"Question Card":10,"Mercury Hourglass":[21],"Shovel":4,"Shuriken":[76],"Ornamental Fan":[200],"Pantograph":11,"Art of War":[13],"PureWater":[27],"obtain_stats":[{"Lantern":46,"Pear":53,"Torii":27,"Astrolabe":17,"Bag of Preparation":25,"TeardropLocket":9,"Letter Opener":23,"Orichalcum":10,"War Paint":47,"Question Card":30,"Mercury Hourglass":55,"Anchor":19,"Shovel":8,"Shuriken":14,"Ornamental Fan":43,"Pantograph":44,"Philosopher\u0027s Stone":34,"Art of War":6,"PureWater":0,"TungstenRod":15,"FossilizedHelix":32},{"Lantern":26,"Pear":30,"Torii":17,"Astrolabe":11,"Bag of Preparation":16,"TeardropLocket":5,"Letter Opener":15,"Orichalcum":6,"War Paint":27,"Question Card":19,"Mercury Hourglass":31,"Anchor":12,"Shovel":5,"Shuriken":10,"Ornamental Fan":24,"Pantograph":25,"Philosopher\u0027s Stone":20,"Art of War":4,"PureWater":0,"TungstenRod":10,"FossilizedHelix":19},{"Lantern":95,"Pear":113,"Torii":57,"Astrolabe":32,"Bag of Preparation":55,"TeardropLocket":16,"Letter Opener":50,"Orichalcum":18,"War Paint":99,"Question Card":66,"Mercury Hourglass":116,"Anchor":35,"Shovel":16,"Shuriken":29,"Ornamental Fan":89,"Pantograph":93,"Philosopher\u0027s Stone":74,"Art of War":13,"PureWater":0,"TungstenRod":29,"FossilizedHelix":66}],"TungstenRod":27,"FossilizedHelix":[107]},"card_choices":[{"not_picked":["Indignation","FollowUp"],"picked":"ReachHeaven","floor":1.0},{"not_picked":["PathToVictory","TalkToTheHand","Evaluate"],"picked":"SKIP","floor":2.0},{"not_picked":["ThirdEye","EmptyFist","WreathOfFlame"],"picked":"SKIP","floor":4.0},{"not_picked":["CutThroughFate","FlyingSleeves","Halt"],"picked":"SKIP","floor":6.0},{"not_picked":["ConjureBlade","EmptyBody","Halt"],"picked":"SKIP","floor":8.0},{"not_picked":["BowlingBash","EmptyBody"],"picked":"Consecrate","floor":10.0},{"not_picked":["ReachHeaven","Wireheading"],"picked":"InnerPeace","floor":11.0},{"not_picked":["WindmillStrike","Weave","CrushJoints"],"picked":"SKIP","floor":12.0},{"not_picked":["Wish","Fasting2","EmptyBody"],"picked":"SKIP","floor":13.0},{"not_picked":["Evaluate","Consecrate"],"picked":"Crescendo","floor":14.0},{"not_picked":["BowlingBash","DeceiveReality","FlyingSleeves"],"picked":"SKIP","floor":18.0},{"not_picked":["Evaluate","ThirdEye","Alpha"],"picked":"SKIP","floor":21.0},{"not_picked":["FlyingSleeves+1","SashWhip","EmptyFist"],"picked":"SKIP","floor":22.0},{"not_picked":["Nirvana","PathToVictory","Meditate"],"picked":"SKIP","floor":23.0},{"not_picked":["Meditate","Perseverance","Sanctity"],"picked":"SKIP","floor":25.0},{"not_picked":["Meditate","Perseverance","Sanctity"],"picked":"SKIP","floor":25.0},{"not_picked":["EmptyFist","Blasphemy"],"picked":"FlurryOfBlows","floor":27.0},{"not_picked":["EmptyFist","SashWhip","PathToVictory"],"picked":"SKIP","floor":29.0},{"not_picked":["DeusExMachina","EmptyFist","WindmillStrike"],"picked":"SKIP","floor":30.0},{"not_picked":["CarveReality","WheelKick","Halt","EmptyBody"],"picked":"SKIP","floor":35},{"not_picked":["ClearTheMind+1","WaveOfTheHand","FollowUp","ReachHeaven"],"picked":"SKIP","floor":37},{"not_picked":["BowlingBash","Perseverance","MasterReality"],"picked":"EmptyMind","floor":39},{"not_picked":["Halt","EmptyBody","EmptyFist","Perseverance"],"picked":"SKIP","floor":40},{"not_picked":["Perseverance","EmptyFist","Wireheading"],"picked":"TalkToTheHand","floor":44},{"not_picked":["BowlingBash","Evaluate","PathToVictory"],"picked":"Indignation","floor":45},{"not_picked":["DeceiveReality","WheelKick+1","Crescendo+1"],"picked":"Meditate","floor":47},{"not_picked":["Prostrate","PathToVictory","CutThroughFate"],"picked":"Scrawl","floor":48},{"not_picked":["FlurryOfBlows","Nirvana+1","BowlingBash"],"picked":"Adaptation","floor":55}],"player_experience":1450602,"relics_obtained":[{"floor":6.0,"key":"Art of War"},{"floor":8.0,"key":"Shovel"},{"floor":9.0,"key":"TeardropLocket"},{"floor":10.0,"key":"Orichalcum"},{"floor":14.0,"key":"Shuriken"},{"floor":15.0,"key":"TungstenRod"},{"floor":23.0,"key":"Letter Opener"},{"floor":25.0,"key":"Bag of Preparation"},{"floor":27.0,"key":"Torii"},{"floor":30.0,"key":"Question Card"},{"floor":32.0,"key":"FossilizedHelix"},{"floor":43,"key":"Ornamental Fan"},{"floor":44,"key":"Pantograph"},{"floor":46,"key":"Lantern"},{"floor":47,"key":"War Paint"},{"floor":53,"key":"Pear"},{"floor":55,"key":"Mercury Hourglass"}],"event_choices":[{"damage_healed":0.0,"max_hp_gain":0.0,"max_hp_loss":0.0,"gold_gain":0.0,"event_name":"Accursed Blacksmith","player_choice":"Forge","floor":3.0,"gold_loss":0.0,"damage_taken":0.0,"cards_upgraded":["Eruption"]},{"damage_healed":0.0,"max_hp_gain":0.0,"max_hp_loss":0.0,"gold_gain":0.0,"event_name":"Duplicator","player_choice":"Copied","floor":20.0,"gold_loss":0.0,"damage_taken":0.0,"cards_obtained":["MentalFortress"]},{"damage_healed":0.0,"max_hp_gain":0.0,"max_hp_loss":0.0,"gold_gain":0.0,"event_name":"The Library","player_choice":"Read","floor":31.0,"gold_loss":0.0,"damage_taken":0.0,"cards_obtained":["TalkToTheHand"]},{"damage_healed":0,"gold_gain":0,"player_choice":"Ignored","damage_taken":0,"max_hp_gain":0,"max_hp_loss":0,"event_name":"Tomb of Lord Red Mask","floor":38,"gold_loss":0},{"cards_removed":["Conclude"],"damage_healed":0,"gold_gain":0,"player_choice":"Purged","damage_taken":0,"max_hp_gain":0,"max_hp_loss":0,"event_name":"Purifier","floor":42,"gold_loss":0}],"is_beta":false,"boss_relics":[{"not_picked":["Busted Crown","Pandora\u0027s Box"],"picked":"Astrolabe"},{"not_picked":["Runic Dome","Calling Bell"],"picked":"Philosopher\u0027s Stone"}],"items_purged_floors":[19,28,36,41,54],"is_endless":false,"potions_floor_spawned":[1,4,12,16,18,21,25,30,33,35,45,47,55],"ascension_level":20}