{"gold_per_floor":[112,124,124,135,7,7,37,37,37,56,56,70,97,109,109,109],"floor_reached":16,"playtime":506,"items_purged":["Defend_P"],"score":224,"play_id":"e717d4c1-fdc7-4972-b28f-e3775a32b581","local_time":"20230309190350","is_ascension_mode":true,"campfire_choices":[{"data":"Conclude","floor":6,"key":"SMITH"},{"data":"Eruption","floor":8,"key":"SMITH"},{"data":"Deep Breath","floor":15,"key":"SMITH"}],"neow_cost":"NONE","seed_source_timestamp":1960833972753200,"circlet_count":0,"master_deck":["AscendersBane","Strike_P","Strike_P","Strike_P","Strike_P","Defend_P","Defend_P","Defend_P","Eruption+1","Vigilance","Deep Breath+1","Conclude+1","Consecrate","Vault","Crescendo+1","Tantrum"],"relics":["PureWater","Ornamental Fan","StrikeDummy","Toxic Egg 2"],"potions_floor_usage":[7,16],"damage_taken":[{"damage":0,"enemies":"2 Louse","floor":1,"turns":2},{"damage":4,"enemies":"Jaw Worm","floor":2,"turns":5},{"damage":0,"enemies":"Cultist","floor":4,"turns":3},{"damage":2,"enemies":"Lagavulin","floor":7,"turns":5},{"damage":0,"enemies":"3 Louse","floor":10,"turns":1},{"damage":0,"enemies":"Looter","floor":12,"turns":2},{"damage":13,"enemies":"3 Sentries","floor":13,"turns":4},{"damage":0,"enemies":"2 Fungi Beasts","floor":14,"turns":2},{"damage":72,"enemies":"Hexaghost","floor":16,"turns":8}],"seed_played":"1093853522985696111","potions_obtained":[{"floor":1,"key":"Ancient Potion"},{"floor":12,"key":"FairyPotion"},{"floor":13,"key":"SkillPotion"}],"is_trial":false,"path_per_floor":["M","M","?","M","$","R","E","R","T","M","?","M","E","M","R","B"],"character_chosen":"WATCHER","basemod:card_modifiers":[null,null,null,null,null,null,null,null,null,null,null,null,null,null,null,null],"items_purchased":["SteroidPotion"],"campfire_rested":0,"item_purchase_floors":[5],"current_hp_per_floor":[61,57,62,62,62,62,60,60,60,60,60,60,47,47,47,0],"gold":109,"neow_bonus":"RANDOM_COLORLESS","is_prod":false,"is_daily":false,"chose_seed":false,"campfire_upgraded":3,"win_rate":0,"timestamp":1678406630,"path_taken":["M","M","?","M","$","R","E","R","T","M","?","M","E","M","R","BOSS"],"build_version":"2022-12-18","purchased_purges":1,"victory":false,"max_hp_per_floor":[68,68,73,73,73,73,73,73,73,73,73,73,73,73,73,73],"relic_stats":{"counters":[9,32],"Ornamental Fan":[24],"PureWater":[7],"obtain_stats":[{"Ornamental Fan":7,"PureWater":0,"Toxic Egg 2":13,"StrikeDummy":9},{"Ornamental Fan":4,"PureWater":0,"Toxic Egg 2":7,"StrikeDummy":4},{"Ornamental Fan":15,"PureWater":0,"Toxic Egg 2":22,"StrikeDummy":15}]},"card_choices":[{"not_picked":["Jack Of All Trades","Finesse"],"picked":"Deep Breath","floor":0},{"not_picked":["FlurryOfBlows","EmptyBody"],"picked":"Conclude","floor":1},{"not_picked":["Weave","Nirvana"],"picked":"Consecrate","floor":2},{"not_picked":["Prostrate","ClearTheMind","SashWhip"],"picked":"SKIP","floor":4},{"not_picked":["Consecrate","CutThroughFate"],"picked":"Vault","floor":7},{"not_picked":["SignatureMove","BattleHymn","ClearTheMind"],"picked":"SKIP","floor":10},{"not_picked":["PathToVictory","Prostrate","Study"],"picked":"SKIP","floor":12},{"not_picked":["EmptyMind+1","SashWhip"],"picked":"Crescendo+1","floor":13},{"not_picked":["CutThroughFate","WheelKick"],"picked":"Tantrum","floor":14}],"player_experience":1521558,"relics_obtained":[{"floor":7,"key":"Ornamental Fan"},{"floor":9,"key":"StrikeDummy"},{"floor":13,"key":"Toxic Egg 2"}],"event_choices":[{"damage_healed":0,"gold_gain":0,"player_choice":"Donut","damage_taken":0,"max_hp_gain":5,"max_hp_loss":0,"event_name":"Big Fish","floor":3,"gold_loss":0},{"damage_healed":0,"gold_gain":0,"player_choice":"0 cards matched","damage_taken":0,"max_hp_gain":0,"max_hp_loss":0,"event_name":"Match and Keep!","floor":11,"gold_loss":0,"cards_obtained":[]}],"is_beta":false,"boss_relics":[],"items_purged_floors":[5],"is_endless":false,"potions_floor_spawned":[1,12,13],"killed_by":"Hexaghost","ascension_level":20}