{"neow_bonuses_skipped_log":["TEN_PERCENT_HP_BONUS","REMOVE_TWO","BOSS_RELIC"],"neow_costs_skipped_log":["NONE","PERCENT_DAMAGE","NONE"],"potions_obtained_entropic_brew":[[],[],[],[],[],[],[],[],[],[],[],[],[],[],[],[],[],[],[],[],[],[],[],[],[],[],[],[],[],[],[],[],[],[],[],[],[],[],[],[],[],[]],"gold_per_floor":[115,128,144,26,101,101,116,143,168,180,219,231,275,307,319,405,467,499,511,298,298,298,333,333,95,95,106,133,145,163,178,178,252,252,268,279,279,129,129,129,154,154],"floor_reached":42,"playtime":2779,"items_purged":["Defend_P","Strike_P","Eruption","Strike_P"],"score":968,"play_id":"7a547f16-10ef-4bf8-8810-7162f941e63a","local_time":"20231015031911","falling_options_log":["Defend_P+1","LikeWater+1"],"score_breakdown":["Floors Climbed (42): 210","Enemies Slain (12): 24","Exordium Elites Killed (3): 30","City Elites Killed (2): 40","Beyond Elites Killed (1): 30","Bosses Slain (2): 150","Ascension (20): 484"],"is_ascension_mode":true,"potions_obtained_alchemize":[[],[],[],[],[],[],[],[],[],[],[],[],[],[],[],[],[],[],[],[],[],[],[],[],[],[],[],[],[],[],[],[],[],[],[],[],[],[],[],[],[],[]],"campfire_choices":[{"floor":6.0,"key":"REST"},{"floor":10.0,"key":"REST"},{"data":"Alpha","floor":12.0,"key":"SMITH"},{"data":"ThirdEye","floor":15.0,"key":"SMITH"},{"data":"Prostrate","floor":24.0,"key":"SMITH"},{"floor":32.0,"key":"REST"},{"data":"Scrawl","floor":40,"key":"SMITH"}],"lesson_learned_per_floor":[["Strike_P"],["LessonLearned"],["Defend_P"],[],[],[],["LikeWater"],["Defend_P"],[],[],[],[],[],[],[],["Vigilance"],[],[],[],[],[],[],[],[],[],[],[],[],[],["Establishment"],[],[],[],[],["EmptyMind"],["ReachHeaven"],[],[],[],[],[],[]],"neow_cost":"NONE","improvable_cards":{},"seed_source_timestamp":2420250933379500,"shop_contents":[{"floor":4,"relics":["CeramicFish","Tiny Chest","PrismaticShard"],"cards":["Tantrum","CarveReality","Evaluate","InnerPeace","PanicButton","Mayhem"],"potions":["Weak Potion","DuplicationPotion","LiquidBronze"]},{"floor":20,"relics":["Du-Vu Doll","Orichalcum","Sling"],"cards":["Tantrum","SandsOfTime","Establishment","Discovery","Secret Weapon"],"potions":["SkillPotion","Weak Potion","ColorlessPotion"]},{"floor":25,"relics":["Ice Cream","Nunchaku","TheAbacus"],"cards":["ReachHeaven","CrushJoints","Vengeance","BattleHymn","Swift Strike","Master of Strategy"],"potions":["SpeedPotion","Dexterity Potion"]},{"floor":38,"relics":["Juzu Bracelet","Yang","Lee\u0027s Waffle"],"cards":["JustLucky","SandsOfTime","EmptyBody","Perseverance","Nirvana","Madness","Panache"],"potions":["AttackPotion","Energy Potion","GamblersBrew"]}],"circlet_count":0,"master_deck":["AscendersBane","Defend_P+1","Defend_P+1","Defend_P","Vigilance+1","LessonLearned+1","InnerPeace","ReachHeaven+1","ThirdEye+1","LikeWater+1","CrushJoints","Alpha+1","DeceiveReality+1","Establishment+1","Collect","EmptyMind+1","Prostrate+1","Prostrate","ClearTheMind","PathToVictory+1","InnerPeace","Scrawl+1","Secret Technique"],"special_seed":0,"potion_use_per_floor":[[],[],[],[],[],[],[],["SteroidPotion"],[],[],[],[],[],[],[],[],[],["BottledMiracle"],[],[],[],[],["Ambrosia","SneckoOil"],[],[],[],[],["Weak Potion","Energy Potion"],[],[],[],[],["BottledMiracle"],[],[],["AttackPotion"],[],[],[],[],[],[]],"relics":["PureWater","Art of War","MawBank","Vajra","CaptainsWheel","Tiny House","Bronze Scales","Eternal Feather","Runic Pyramid","Bag of Marbles"],"potions_floor_usage":[36],"damage_taken":[{"damage":0.0,"enemies":"Small Slimes","floor":1.0,"turns":2.0},{"damage":15.0,"enemies":"Jaw Worm","floor":2.0,"turns":6.0},{"damage":1.0,"enemies":"Cultist","floor":3.0,"turns":4.0},{"damage":3.0,"enemies":"Large Slime","floor":7.0,"turns":3.0},{"damage":10.0,"enemies":"Lagavulin","floor":8.0,"turns":7.0},{"damage":4.0,"enemies":"Gremlin Nob","floor":11.0,"turns":3.0},{"damage":14.0,"enemies":"Lagavulin","floor":13.0,"turns":6.0},{"damage":0.0,"enemies":"3 Louse","floor":14.0,"turns":4.0},{"damage":6.0,"enemies":"The Guardian","floor":16.0,"turns":9.0},{"damage":7.0,"enemies":"Shell Parasite","floor":18.0,"turns":5.0},{"damage":10.0,"enemies":"Slavers","floor":23.0,"turns":6.0},{"damage":1.0,"enemies":"Chosen","floor":27.0,"turns":4.0},{"damage":4.0,"enemies":"Book of Stabbing","floor":28.0,"turns":6.0},{"damage":15.0,"enemies":"Shelled Parasite and Fungi","floor":29.0,"turns":4.0},{"damage":11.0,"enemies":"Centurion and Healer","floor":30.0,"turns":5.0},{"damage":3.0,"enemies":"Snake Plant","floor":31.0,"turns":5.0},{"damage":7.0,"enemies":"Collector","floor":33.0,"turns":7.0},{"damage":10,"enemies":"3 Darklings","floor":35,"turns":5},{"damage":14,"enemies":"3 Shapes","floor":36,"turns":7},{"damage":2,"enemies":"Nemesis","floor":41,"turns":8},{"damage":0,"enemies":"Maw","floor":42,"turns":1}],"green_key_taken_log":28,"seed_played":"8376120680326029844","neow_bonus_log":{"cardsObtained":["LessonLearned"],"cardsUpgraded":[],"cardsRemoved":[],"cardsTransformed":[],"relicsObtained":[],"maxHpGained":0,"goldGained":0,"damageTaken":0,"goldLost":0,"maxHpLost":0},"potions_obtained":[{"floor":2.0,"key":"SteroidPotion"},{"floor":8.0,"key":"Ambrosia"},{"floor":16.0,"key":"BottledMiracle"},{"floor":18.0,"key":"SneckoOil"},{"floor":23.0,"key":"Weak Potion"},{"floor":28.0,"key":"Dexterity Potion"},{"floor":29.0,"key":"BottledMiracle"},{"floor":35,"key":"AttackPotion"},{"floor":36,"key":"AttackPotion"}],"is_trial":false,"path_per_floor":["M","M","M","$","?","R","M","E","T","R","E","R","E","M","R","B",null,"M","?","$","?","?","E","R","$","T","M","E","M","M","M","R","B",null,"M","M","?","$","?","R","E","M"],"character_chosen":"WATCHER","basemod:card_modifiers":[null,null,null,null,null,null,null,null,null,null,null,null,null,null,null,null,null,null,null,null,null,null,null],"items_purchased":["LikeWater","Collect","EmptyMind","Prostrate","Energy Potion"],"campfire_rested":3,"item_purchase_floors":[4,20,20,25,25],"current_hp_per_floor":[61,46,45,45,34,54,51,41,41,61,57,57,43,43,43,37,65,58,58,58,58,58,48,48,48,48,47,43,28,17,14,47,40,65,55,41,41,41,31,43,41,41],"gold":154,"neow_bonus":"ONE_RANDOM_RARE_CARD","is_prod":false,"is_daily":false,"rewards_skipped":[{"floor":17,"relics":[],"potions":["SmokeBomb"]}],"chose_seed":false,"campfire_upgraded":4,"win_rate":0,"floor_exit_playtime":[99,166,204,247,250,255,306,477,479,494,544,781,873,931,950,1093,1115,1200,1204,1268,1277,1296,1453,1473,1497,1501,1571,1715,1800,1904,1982,1986,2165,2182,2305,2436,2443,2467,2489,2496,2774],"timestamp":1697354351,"blue_key_relic_skipped_log":{"floor":26,"relicID":"Kunai"},"path_taken":["M","M","M","$","?","R","M","E","T","R","E","R","E","M","R","BOSS","M","?","?","?","?","E","R","$","T","M","E","?","M","M","R","BOSS","M","M","?","$","?","R","E","M"],"build_version":"2022-12-18","purchased_purges":4,"victory":false,"max_hp_per_floor":[68,68,68,68,68,68,68,68,68,68,68,68,68,68,68,68,73,73,73,73,73,73,73,73,73,73,73,73,73,73,73,73,73,73,73,73,73,73,73,73,73,73],"relic_stats":{"counters":[21,106],"Bronze Scales":[166],"Eternal Feather":24,"Art of War":[52],"PureWater":[18],"MawBank":132,"obtain_stats":[{"CaptainsWheel":13,"Tiny House":17,"Bronze Scales":23,"Vajra":11,"Eternal Feather":28,"Art of War":8,"Bag of Marbles":41,"PureWater":0,"MawBank":9,"Runic Pyramid":34},{"CaptainsWheel":7,"Tiny House":9,"Bronze Scales":11,"Vajra":6,"Eternal Feather":13,"Art of War":5,"Bag of Marbles":20,"PureWater":0,"MawBank":5,"Runic Pyramid":17},{"CaptainsWheel":31,"Tiny House":44,"Bronze Scales":55,"Vajra":25,"Eternal Feather":65,"Art of War":22,"Bag of Marbles":106,"PureWater":0,"MawBank":22,"Runic Pyramid":86}]},"card_choices":[{"not_picked":["Halt","JustLucky"],"picked":"InnerPeace","floor":1.0},{"not_picked":["ClearTheMind","SashWhip"],"picked":"ReachHeaven","floor":2.0},{"not_picked":["ReachHeaven","Evaluate"],"picked":"ThirdEye","floor":3.0},{"not_picked":["Perseverance","LikeWater"],"picked":"CrushJoints","floor":7.0},{"not_picked":["Perseverance","Nirvana"],"picked":"Alpha","floor":8.0},{"not_picked":["WreathOfFlame","EmptyBody","Judgement"],"picked":"SKIP","floor":11.0},{"not_picked":["Indignation","PathToVictory"],"picked":"DeceiveReality","floor":13.0},{"not_picked":["Evaluate","SashWhip","Vengeance"],"picked":"SKIP","floor":14.0},{"not_picked":["DevaForm","SpiritShield"],"picked":"Establishment","floor":16.0},{"not_picked":["CarveReality","Weave","Worship"],"picked":"SKIP","floor":18.0},{"not_picked":["ConjureBlade","FlyingSleeves"],"picked":"Prostrate","floor":23.0},{"not_picked":["CutThroughFate","ReachHeaven"],"picked":"ClearTheMind","floor":27.0},{"not_picked":["ClearTheMind","Halt+1","SashWhip"],"picked":"SKIP","floor":28.0},{"not_picked":["Fasting2","Protect","Crescendo"],"picked":"SKIP","floor":29.0},{"not_picked":["Fasting2","Protect","Crescendo"],"picked":"SKIP","floor":29.0},{"not_picked":["PathToVictory+1","ForeignInfluence","FlyingSleeves"],"picked":"SKIP","floor":30.0},{"not_picked":["ForeignInfluence","FlyingSleeves"],"picked":"PathToVictory+1","floor":30.0},{"not_picked":["BowlingBash+1","Alpha"],"picked":"InnerPeace","floor":31.0},{"not_picked":["SpiritShield","DevaForm"],"picked":"Scrawl","floor":33},{"not_picked":["InnerPeace","ReachHeaven","SignatureMove"],"picked":"SKIP","floor":35},{"not_picked":["InnerPeace","ReachHeaven","SignatureMove"],"picked":"SKIP","floor":35},{"not_picked":["Wireheading","FlyingSleeves","SashWhip"],"picked":"SKIP","floor":36},{"not_picked":["Panacea","Good Instincts"],"picked":"Secret Technique","floor":39},{"not_picked":["The Bomb","Magnetism","Bandage Up"],"picked":"SKIP","floor":39},{"not_picked":["Panache","Violence","Thinking Ahead"],"picked":"SKIP","floor":39},{"not_picked":["EmptyBody","Halt","FlurryOfBlows"],"picked":"SKIP","floor":41}],"player_experience":2034007,"relics_obtained":[{"floor":8.0,"key":"Art of War"},{"floor":9.0,"key":"MawBank"},{"floor":11.0,"key":"Vajra"},{"floor":13.0,"key":"CaptainsWheel"},{"floor":23.0,"key":"Bronze Scales"},{"floor":28.0,"key":"Eternal Feather"},{"floor":41,"key":"Bag of Marbles"}],"event_choices":[{"damage_healed":0.0,"max_hp_gain":0.0,"max_hp_loss":0.0,"gold_gain":75.0,"event_name":"World of Goop","player_choice":"Gather Gold","floor":5.0,"gold_loss":0.0,"damage_taken":11.0},{"cards_removed":["Strike_P"],"damage_healed":0.0,"max_hp_gain":0.0,"max_hp_loss":0.0,"gold_gain":0.0,"event_name":"Purifier","player_choice":"Purged","floor":19.0,"gold_loss":0.0,"damage_taken":0.0},{"damage_healed":0.0,"max_hp_gain":0.0,"max_hp_loss":0.0,"gold_gain":0.0,"event_name":"The Mausoleum","player_choice":"Ignored","floor":21.0,"gold_loss":0.0,"damage_taken":0.0},{"damage_healed":0.0,"max_hp_gain":0.0,"max_hp_loss":0.0,"gold_gain":0.0,"event_name":"Match and Keep!","player_choice":"0 cards matched","floor":22.0,"gold_loss":0.0,"damage_taken":0.0,"cards_obtained":[]},{"cards_removed":["Strike_P"],"damage_healed":0,"gold_gain":0,"player_choice":"Removed Attack","damage_taken":0,"max_hp_gain":0,"max_hp_loss":0,"event_name":"Falling","floor":37,"gold_loss":0},{"damage_healed":0,"gold_gain":0,"player_choice":"Memory 3","damage_taken":10,"max_hp_gain":0,"max_hp_loss":0,"event_name":"SensoryStone","floor":39,"gold_loss":0}],"is_beta":false,"boss_relics":[{"not_picked":["Sozu","Ectoplasm"],"picked":"Tiny House"},{"not_picked":["Philosopher\u0027s Stone","Velvet Choker"],"picked":"Runic Pyramid"}],"items_purged_floors":[4,20,25,38],"is_endless":false,"potions_floor_spawned":[2,8,16,18,23,28,29,35,36],"killed_by":"Maw","ascension_level":20,"potion_discard_per_floor":[[],[],[],[],[],[],[],[],[],[],[],[],[],[],[],[],[],[],[],[],[],[],[],[],[],[],[],[],[],[],[],[],[],[],[],[],[],[],[],[],[],[]]}