{"neow_bonuses_skipped_log":["TRANSFORM_CARD","THREE_ENEMY_KILL","BOSS_RELIC"],"potions_obtained_entropic_brew":[[],[],[],[],[],[],[],[],[],[],[],[],[],[],[],[]],"neow_costs_skipped_log":["NONE","NONE","NONE"],"gold_per_floor":[111,124,33,52,102,102,115,141,141,151,164,164,198,217,217,217],"floor_reached":16,"playtime":442,"items_purged":[],"score":278,"play_id":"61b65c03-7d76-44bd-a3a9-13932dba2035","local_time":"20231017160641","score_breakdown":["Floors Climbed (16): 80","Enemies Slain (7): 14","Exordium Elites Killed (2): 20","Bosses Slain (0): 0","Champion (1): 25","Ascension (20): 139"],"is_ascension_mode":true,"potions_obtained_alchemize":[[],[],[],[],[],[],[],[],[],[],[],[],[],[],[],[]],"campfire_choices":[{"data":"Eruption","floor":6,"key":"SMITH"},{"data":"SignatureMove","floor":12,"key":"SMITH"},{"data":"CutThroughFate","floor":15,"key":"SMITH"}],"lesson_learned_per_floor":[[],[],[],[],[],[],[],[],[],[],[],[],[],[],[],[]],"neow_cost":"PERCENT_DAMAGE","improvable_cards":{},"seed_source_timestamp":2641510352224100,"shop_contents":[{"floor":3,"relics":["Meat on the Bone","White Beast Statue","Melange"],"cards":["Weave","Prostrate","EmptyBody","LikeWater","Jack Of All Trades","HandOfGreed"],"potions":["BottledMiracle","Swift Potion"]}],"circlet_count":0,"master_deck":["AscendersBane","Strike_P","Strike_P","Strike_P","Strike_P","Defend_P","Defend_P","Defend_P","Defend_P","Eruption+1","Vigilance","DeusExMachina","BowlingBash","CutThroughFate+1","FearNoEvil","FlurryOfBlows","Sanctity","SignatureMove+1","Consecrate"],"potion_use_per_floor":[[],[],[],[],[],[],["DistilledChaos"],[],[],[],["Fire Potion"],[],["LiquidMemories"],[],[],[]],"relics":["PureWater","Ancient Tea Set","Incense Burner"],"potions_floor_usage":[7,11,13],"damage_taken":[{"damage":4,"enemies":"Cultist","floor":1,"turns":5},{"damage":0,"enemies":"2 Louse","floor":2,"turns":2},{"damage":2,"enemies":"Jaw Worm","floor":4,"turns":3},{"damage":0,"enemies":"Red Slaver","floor":7,"turns":1},{"damage":6,"enemies":"Gremlin Nob","floor":8,"turns":3},{"damage":0,"enemies":"Exordium Wildlife","floor":10,"turns":1},{"damage":4,"enemies":"Lots of Slimes","floor":11,"turns":3},{"damage":0,"enemies":"3 Sentries","floor":13,"turns":2},{"damage":0,"enemies":"Looter","floor":14,"turns":1},{"damage":27,"enemies":"Hexaghost","floor":16,"turns":3}],"seed_played":"2427204149824119992","neow_bonus_log":{"cardsObtained":[],"cardsUpgraded":[],"cardsRemoved":[],"cardsTransformed":[],"relicsObtained":[],"maxHpGained":0,"goldGained":0,"damageTaken":18,"goldLost":0,"maxHpLost":0},"potions_obtained":[{"floor":1,"key":"DistilledChaos"},{"floor":10,"key":"LiquidMemories"}],"is_trial":false,"path_per_floor":["M","M","$","M","?","R","M","E","T","M","M","R","E","M","R","B"],"character_chosen":"WATCHER","basemod:card_modifiers":[null,null,null,null,null,null,null,null,null,null,null,null,null,null,null,null,null,null,null],"items_purchased":["FearNoEvil","Fire Potion"],"campfire_rested":0,"item_purchase_floors":[3,3],"current_hp_per_floor":[39,39,39,37,37,37,37,31,31,31,27,27,27,27,27,0],"gold":217,"neow_bonus":"THREE_RARE_CARDS","is_prod":false,"is_daily":false,"rewards_skipped":[],"chose_seed":false,"campfire_upgraded":3,"win_rate":0,"floor_exit_playtime":[53,68,80,110,114,121,141,181,198,238,295,312,364,391,399],"timestamp":1697573201,"blue_key_relic_skipped_log":{"floor":9,"relicID":"Bottled Lightning"},"path_taken":["M","M","?","M","?","R","M","E","T","M","?","R","E","M","R","BOSS"],"build_version":"2022-12-18","purchased_purges":0,"victory":false,"max_hp_per_floor":[68,68,68,68,68,68,68,68,68,68,68,68,68,68,68,68],"relic_stats":{"counters":[10,24],"PureWater":[7],"Ancient Tea Set":[4],"obtain_stats":[{"Incense Burner":13,"PureWater":0,"Ancient Tea Set":8},{"Incense Burner":8,"PureWater":0,"Ancient Tea Set":5},{"Incense Burner":20,"PureWater":0,"Ancient Tea Set":14}]},"card_choices":[{"not_picked":["Omniscience","SpiritShield"],"picked":"DeusExMachina","floor":0},{"not_picked":["Sanctity","Fasting2"],"picked":"BowlingBash","floor":1},{"not_picked":["WreathOfFlame","ClearTheMind"],"picked":"CutThroughFate","floor":2},{"not_picked":["JustLucky","SashWhip"],"picked":"FlurryOfBlows","floor":4},{"not_picked":["ThirdEye","Collect"],"picked":"Sanctity","floor":7},{"not_picked":["ReachHeaven","WreathOfFlame"],"picked":"SignatureMove","floor":8},{"not_picked":["EmptyBody","Tantrum"],"picked":"Consecrate","floor":10},{"not_picked":["FlurryOfBlows","BowlingBash","TalkToTheHand"],"picked":"SKIP","floor":11},{"not_picked":["WaveOfTheHand","Prostrate","CutThroughFate"],"picked":"SKIP","floor":13},{"not_picked":["FollowUp","Fasting2","BowlingBash"],"picked":"SKIP","floor":14}],"player_experience":2134778,"relics_obtained":[{"floor":8,"key":"Ancient Tea Set"},{"floor":13,"key":"Incense Burner"}],"event_choices":[{"damage_healed":0,"gold_gain":50,"player_choice":"Pray","damage_taken":0,"max_hp_gain":0,"max_hp_loss":0,"event_name":"Golden Shrine","floor":5,"gold_loss":0}],"is_beta":false,"boss_relics":[],"items_purged_floors":[],"is_endless":false,"potions_floor_spawned":[1,10],"killed_by":"Hexaghost","ascension_level":20,"potion_discard_per_floor":[[],[],[],[],[],[],[],[],[],[],[],[],[],[],[],[]]}