{"neow_bonuses_skipped_log":["RANDOM_COMMON_RELIC","THREE_RARE_CARDS","BOSS_RELIC"],"neow_costs_skipped_log":["NONE","TEN_PERCENT_HP_LOSS","NONE"],"potions_obtained_entropic_brew":[[],[],[],[],[],[],[],[],[],[],[],[],[],[],[],[],[],[],[],[],[],[],[],[],[]],"gold_per_floor":[112,125,8,8,28,61,61,61,61,61,91,106,137,8,8,87,87,106,120,120,120,37,64,64,64],"floor_reached":25,"playtime":734,"items_purged":["Strike_P"],"score":524,"play_id":"f22bc4b6-07d0-4bd4-9d92-14d922ea8821","local_time":"20231024203734","score_breakdown":["Floors Climbed (25): 125","Enemies Slain (6): 12","Exordium Elites Killed (3): 30","City Elites Killed (1): 20","Bosses Slain (1): 50","Champion (1): 25","Ascension (20): 262"],"is_ascension_mode":true,"potions_obtained_alchemize":[[],[],[],[],[],[],[],[],[],[],[],[],[],[],[],[],[],[],[],[],[],[],[],[],[]],"campfire_choices":[{"data":"Conclude","floor":8,"key":"SMITH"},{"data":"Eruption","floor":10,"key":"SMITH"},{"data":"Tantrum","floor":15,"key":"SMITH"}],"lesson_learned_per_floor":[[],[],[],[],[],[],[],[],[],[],[],[],[],[],[],[],[],[],[],[],[],[],[],[],[]],"neow_cost":"NONE","improvable_cards":{},"seed_source_timestamp":3262267422042000,"shop_contents":[{"floor":3,"relics":["Bag of Marbles","Matryoshka","OrangePellets"],"cards":["Protect","Sanctity","MentalFortress","Blind","Metamorphosis"],"potions":["SkillPotion","ColorlessPotion","EssenceOfSteel"]},{"floor":14,"relics":["Toy Ornithopter","White Beast Statue","Chemical X"],"cards":["CarveReality","Consecrate","ThirdEye+1","ClearTheMind+1","BattleHymn","Mind Blast","Magnetism"],"potions":["PowerPotion","Block Potion"]},{"floor":22,"relics":["Sundial","Anchor","Melange"],"cards":["Wallop","CutThroughFate","Protect+1","ThirdEye+1","Mind Blast","Master of Strategy+1"],"potions":["Regen Potion","SteroidPotion","SpeedPotion"]}],"circlet_count":0,"master_deck":["AscendersBane","Strike_P+1","Strike_P","Defend_P","Defend_P","Eruption+1","Vigilance","WheelKick+1","Tantrum+1","Conclude+1","EmptyBody","Prostrate+1","ConjureBlade+1","ThirdEye+1","ForeignInfluence+1","MentalFortress","Adaptation"],"potion_use_per_floor":[[],[],[],[],[],[],[],[],[],[],["SteroidPotion"],[],[],[],[],[],[],[],["AttackPotion"],[],[],[],["SteroidPotion"],[],[]],"relics":["PureWater","Kunai","Ice Cream","Toxic Egg 2","Tiny Chest","Bronze Scales","VioletLotus","Whetstone","Damaru"],"potions_floor_usage":[11,19,23],"damage_taken":[{"damage":9,"enemies":"2 Louse","floor":1,"turns":4},{"damage":0,"enemies":"Cultist","floor":2,"turns":2},{"damage":2,"enemies":"Small Slimes","floor":5,"turns":2},{"damage":14,"enemies":"Lagavulin","floor":6,"turns":7},{"damage":2,"enemies":"3 Sentries","floor":11,"turns":3},{"damage":6,"enemies":"Red Slaver","floor":12,"turns":2},{"damage":0,"enemies":"Gremlin Nob","floor":13,"turns":2},{"damage":11,"enemies":"Slime Boss","floor":16,"turns":7},{"damage":5,"enemies":"3 Byrds","floor":18,"turns":2},{"damage":0,"enemies":"Spheric Guardian","floor":19,"turns":3},{"damage":25,"enemies":"Slavers","floor":23,"turns":3},{"damage":27,"enemies":"Snake Plant","floor":25,"turns":3}],"green_key_taken_log":11,"seed_played":"-1102799899192148042","neow_bonus_log":{"cardsObtained":[],"cardsUpgraded":[],"cardsRemoved":["Defend_P"],"cardsTransformed":[],"relicsObtained":[],"maxHpGained":0,"goldGained":0,"damageTaken":0,"goldLost":0,"maxHpLost":0},"potions_obtained":[{"floor":1,"key":"Ancient Potion"},{"floor":5,"key":"BottledMiracle"},{"floor":6,"key":"SteroidPotion"},{"floor":18,"key":"SteroidPotion"},{"floor":23,"key":"Explosive Potion"}],"is_trial":false,"path_per_floor":["M","M","$","?","M","E","?","R","T","R","E","M","E","$","R","B",null,"M","M","?","T","$","E","?","M"],"character_chosen":"WATCHER","basemod:card_modifiers":[null,null,null,null,null,null,null,null,null,null,null,null,null,null,null,null,null],"items_purchased":["Tantrum","Conclude","AttackPotion","MentalFortress"],"campfire_rested":0,"item_purchase_floors":[3,3,14,22],"current_hp_per_floor":[52,52,52,52,50,36,36,36,36,36,34,28,28,28,28,17,55,50,50,50,50,50,25,25,0],"gold":64,"neow_bonus":"REMOVE_CARD","is_prod":false,"is_daily":false,"rewards_skipped":[{"floor":16,"relics":[],"potions":["BlessingOfTheForge"]}],"chose_seed":false,"campfire_upgraded":3,"win_rate":0,"floor_exit_playtime":[71,86,109,119,146,218,229,241,243,256,319,355,377,393,399,476,494,531,576,584,592,599,678,681],"timestamp":1698194254,"path_taken":["M","M","$","?","?","E","?","R","T","R","E","?","E","?","R","BOSS","M","M","?","?","?","E","?","?"],"build_version":"2022-12-18","purchased_purges":1,"victory":false,"max_hp_per_floor":[68,68,68,68,68,68,68,68,68,68,68,68,68,68,68,68,68,68,68,68,68,68,68,68,68],"relic_stats":{"Ice Cream":[7],"counters":[12,40],"Bronze Scales":[88],"Tiny Chest":1,"VioletLotus":[3],"Kunai":[13],"Whetstone":["WheelKick","Strike_P"],"PureWater":[11],"obtain_stats":[{"Ice Cream":6,"Bronze Scales":13,"Damaru":23,"Tiny Chest":11,"VioletLotus":17,"Kunai":4,"Whetstone":21,"PureWater":0,"Toxic Egg 2":9},{"Ice Cream":4,"Bronze Scales":7,"Damaru":11,"Tiny Chest":5,"VioletLotus":8,"Kunai":2,"Whetstone":10,"PureWater":0,"Toxic Egg 2":4},{"Ice Cream":15,"Bronze Scales":22,"Damaru":37,"Tiny Chest":18,"VioletLotus":29,"Kunai":6,"Whetstone":34,"PureWater":0,"Toxic Egg 2":15}]},"card_choices":[{"not_picked":["Swivel","Worship"],"picked":"ThirdEye","floor":1},{"not_picked":["Wireheading","Protect"],"picked":"WheelKick","floor":2},{"not_picked":["EmptyMind","ThirdEye"],"picked":"EmptyBody","floor":5},{"not_picked":["CutThroughFate","BattleHymn","EmptyFist"],"picked":"SKIP","floor":6},{"not_picked":["Prostrate+1","Indignation+1","FlurryOfBlows"],"picked":"SKIP","floor":11},{"not_picked":["Indignation+1","FlurryOfBlows"],"picked":"Prostrate+1","floor":11},{"not_picked":["WaveOfTheHand+1","Omniscience+1","Perseverance+1"],"picked":"SKIP","floor":12},{"not_picked":["Fasting2","Tantrum","Sanctity+1"],"picked":"SKIP","floor":13},{"not_picked":["Omniscience+1","Blasphemy+1"],"picked":"ConjureBlade+1","floor":16},{"not_picked":["FlyingSleeves","Nirvana"],"picked":"ThirdEye+1","floor":18},{"not_picked":["Perseverance+1","CutThroughFate"],"picked":"ForeignInfluence+1","floor":19},{"not_picked":["FlurryOfBlows+1","WreathOfFlame+1"],"picked":"Adaptation","floor":23}],"player_experience":2190374,"relics_obtained":[{"floor":6,"key":"Ice Cream"},{"floor":9,"key":"Toxic Egg 2"},{"floor":11,"key":"Tiny Chest"},{"floor":13,"key":"Bronze Scales"},{"floor":21,"key":"Whetstone"},{"floor":23,"key":"Damaru"}],"event_choices":[{"cards_removed":["ThirdEye"],"damage_healed":0,"gold_gain":0,"player_choice":"Gave Card","damage_taken":0,"relics_obtained":["Kunai"],"max_hp_gain":0,"max_hp_loss":0,"event_name":"WeMeetAgain","floor":4,"gold_loss":0},{"cards_removed":["Defend_P"],"damage_healed":0,"gold_gain":0,"player_choice":"Purged","damage_taken":0,"max_hp_gain":0,"max_hp_loss":0,"event_name":"Purifier","floor":7,"gold_loss":0},{"cards_removed":["Strike_P"],"damage_healed":0,"gold_gain":0,"player_choice":"Elegance","damage_taken":0,"max_hp_gain":0,"max_hp_loss":0,"event_name":"Back to Basics","floor":20,"gold_loss":0}],"is_beta":false,"boss_relics":[{"not_picked":["Runic Dome","Ectoplasm"],"picked":"VioletLotus"}],"items_purged_floors":[14],"is_endless":false,"potions_floor_spawned":[1,5,6,16,18,23],"killed_by":"Snake Plant","ascension_level":20,"potion_discard_per_floor":[[],[],[],[],[],["Ancient Potion"],[],[],[],[],[],[],[],[],[],[],[],["BottledMiracle"],[],[],[],[],[],[],[]]}