{"neow_bonuses_skipped_log":["ONE_RANDOM_RARE_CARD","RANDOM_COMMON_RELIC","BOSS_RELIC"],"potions_obtained_entropic_brew":[[],[],[],[],[],[],[],[],[],[],[],[],[],[],[],[],[],[],[],[],[],[],[],[],[],[],[],[],[],[],[],[],["SpeedPotion","SkillPotion","BlessingOfTheForge","DuplicationPotion"],[],[],[],[],[],[],[],[],[],[],[],[],[],[],[],[],[],[]],"neow_costs_skipped_log":["NONE","NONE","NONE"],"gold_per_floor":[109,122,136,160,9,84,84,111,165,194,194,229,245,258,258,331,331,346,346,346,172,172,172,207,220,293,1,17,44,60,91,91,167,167,186,186,211,228,96,127,147,181,181,206,222,222,251,251,251,251,251],"floor_reached":51,"playtime":5134,"items_purged":["Strike_P","Strike_P","Defend_P"],"score":1882,"play_id":"84969707-7eea-40f7-943a-1ef8ae15f627","local_time":"20231121192249","falling_options_log":["Halt+1","LikeWater"],"score_breakdown":["Floors Climbed (51): 255","Enemies Slain (13): 26","Exordium Elites Killed (3): 30","City Elites Killed (3): 60","Beyond Elites Killed (4): 120","Bosses Slain (3): 300","Champion (3): 75","Perfect (1): 50","Overkill: 25","Ascension (20): 941"],"is_ascension_mode":true,"potions_obtained_alchemize":[[],[],[],[],[],[],[],[],[],[],[],[],[],[],[],[],[],[],[],[],[],[],[],[],[],[],[],[],[],[],[],[],[],[],[],[],[],[],[],[],[],[],[],[],[],[],[],[],[],[],[]],"campfire_choices":[{"floor":7.0,"key":"REST"},{"data":"CutThroughFate","floor":11.0,"key":"SMITH"},{"data":"Conclude","floor":15,"key":"SMITH"},{"data":"Vault","floor":23,"key":"SMITH"},{"data":"SpiritShield","floor":32,"key":"SMITH"},{"floor":49,"key":"RECALL"}],"lesson_learned_per_floor":[[],[],[],[],[],[],[],[],[],[],[],[],[],[],[],[],[],[],[],[],[],[],[],[],[],[],[],[],[],[],[],[],[],[],[],[],[],[],[],[],[],[],[],[],[],[],[],[],[],[],[]],"neow_cost":"PERCENT_DAMAGE","improvable_cards":{},"seed_source_timestamp":5676119761806100,"shop_contents":[{"floor":5,"relics":["Boot","Mummified Hand","OrangePellets"],"cards":["JustLucky","Swivel","Evaluate","Establishment","Panacea","Magnetism"],"potions":["DistilledChaos","CultistPotion","Explosive Potion"]},{"floor":21,"relics":["Pantograph","Pear","Frozen Eye"],"cards":["FlyingSleeves","ReachHeaven","Protect","MasterReality","Bandage Up","Chrysalis"],"potions":["BottledMiracle","Block Potion","Fire Potion"]},{"floor":27,"relics":["Mango","Whetstone"],"cards":["CrushJoints","FollowUp","Collect","ClearTheMind","LikeWater","Good Instincts","HandOfGreed"],"potions":["ColorlessPotion","Ambrosia","ColorlessPotion"]},{"floor":39,"relics":["Ginger","Calipers","HandDrill"],"cards":["LessonLearned","FlurryOfBlows","DeceiveReality","Evaluate","Apotheosis"],"potions":["Ancient Potion","Explosive Potion","DistilledChaos"]}],"circlet_count":0,"master_deck":["AscendersBane","Vigilance","CutThroughFate+1","LikeWater","Crescendo","InnerPeace+1","Sanctity+1","Vault+1","Judgement+1","SashWhip+1","Omniscience+1","Wallop+1","Indignation","SpiritShield+1","Tantrum+1","DeusExMachina","Omniscience","Halt+1","Worship","Prostrate+1","MentalFortress+1","Discovery","Prostrate","ThirdEye+1","Madness","Madness","Meditate","BowlingBash"],"special_seed":0,"potion_use_per_floor":[[],[],[],[],[],[],[],["SteroidPotion"],[],[],[],["Explosive Potion","Block Potion"],[],[],[],[],[],[],[],[],[],[],[],[],[],[],[],[],[],["Fruit Juice"],[],[],["BottledMiracle","Fire Potion","Dexterity Potion","EntropicBrew","SkillPotion"],[],[],[],[],[],[],[],[],[],[],["DistilledChaos","DuplicationPotion"],["SpeedPotion"],[],["Ambrosia"],[],[],[],["Energy Potion","BottledMiracle"]],"relics":["PureWater","Happy Flower","Potion Belt","Bag of Marbles","Bottled Flame","Kunai","Astrolabe","War Paint","Medical Kit","Frozen Egg 2","Ornamental Fan","Empty Cage","GoldenEye","Orichalcum","PreservedInsect","Darkstone Periapt","Yang","Incense Burner"],"potions_floor_usage":[30,33,33,33,33,33,44,44,45,47,51,51],"damage_taken":[{"damage":1.0,"enemies":"Cultist","floor":1.0,"turns":3.0},{"damage":0.0,"enemies":"Small Slimes","floor":2.0,"turns":3.0},{"damage":2.0,"enemies":"2 Louse","floor":3.0,"turns":2.0},{"damage":5.0,"enemies":"3 Sentries","floor":8.0,"turns":3.0},{"damage":9.0,"enemies":"Lagavulin","floor":10.0,"turns":5.0},{"damage":10.0,"enemies":"3 Sentries","floor":12.0,"turns":5.0},{"damage":0.0,"enemies":"Large Slime","floor":13.0,"turns":4.0},{"damage":0.0,"enemies":"Exordium Thugs","floor":14.0,"turns":3.0},{"damage":9,"enemies":"The Guardian","floor":16,"turns":11},{"damage":3,"enemies":"Shell Parasite","floor":18,"turns":4},{"damage":0,"enemies":"Gremlin Leader","floor":24,"turns":6},{"damage":0,"enemies":"2 Thieves","floor":25,"turns":2},{"damage":2,"enemies":"Snake Plant","floor":28,"turns":3},{"damage":7,"enemies":"Slavers","floor":29,"turns":5},{"damage":0,"enemies":"Snecko","floor":30,"turns":3},{"damage":1,"enemies":"Gremlin Leader","floor":31,"turns":4},{"damage":28,"enemies":"Automaton","floor":33,"turns":9},{"damage":2,"enemies":"Orb Walker","floor":35,"turns":2},{"damage":0,"enemies":"Mind Bloom Boss Battle","floor":37,"turns":6},{"damage":0,"enemies":"3 Shapes","floor":38,"turns":1},{"damage":0,"enemies":"Giant Head","floor":40,"turns":7},{"damage":3,"enemies":"Transient","floor":41,"turns":7},{"damage":17,"enemies":"Nemesis","floor":42,"turns":8},{"damage":0,"enemies":"Reptomancer","floor":44,"turns":6},{"damage":7,"enemies":"Spire Growth","floor":45,"turns":8},{"damage":7,"enemies":"Nemesis","floor":47,"turns":10},{"damage":0,"enemies":"Awakened One","floor":50,"turns":23},{"damage":17,"enemies":"Donu and Deca","floor":51,"turns":24}],"green_key_taken_log":42,"seed_played":"-8128317811422198556","neow_bonus_log":{"cardsObtained":[],"cardsUpgraded":[],"cardsRemoved":["Defend_P","Defend_P"],"cardsTransformed":[],"relicsObtained":[],"maxHpGained":0,"goldGained":0,"damageTaken":18,"goldLost":0,"maxHpLost":0},"potions_obtained":[{"floor":1.0,"key":"SteroidPotion"},{"floor":3.0,"key":"Block Potion"},{"floor":10.0,"key":"Explosive Potion"},{"floor":13.0,"key":"BottledMiracle"},{"floor":16,"key":"Fruit Juice"},{"floor":18,"key":"EntropicBrew"},{"floor":29,"key":"Fire Potion"},{"floor":30,"key":"Dexterity Potion"},{"floor":38,"key":"Energy Potion"},{"floor":40,"key":"DistilledChaos"},{"floor":44,"key":"Ambrosia"},{"floor":47,"key":"BottledMiracle"}],"is_trial":false,"path_per_floor":["M","M","M","T","$","?","R","E","T","E","R","E","M","M","R","B",null,"M","?","?","$","?","R","E","M","T","$","M","E","M","E","R","B",null,"M","?","?","M","$","E","M","E","T","E","M","?","E","?","R","B","B"],"character_chosen":"WATCHER","basemod:card_modifiers":[null,null,null,null,null,null,null,null,null,null,null,null,null,null,null,null,null,null,null,null,null,null,null,null,null,null,null,null],"items_purchased":["Conclude","Indignation","Medical Kit","MentalFortress+1","Discovery"],"campfire_rested":1,"item_purchase_floors":[5,21,27,39,39],"current_hp_per_floor":[42,42,40,40,40,29,49,44,44,35,35,25,25,25,25,16,55,52,52,52,52,52,52,52,52,52,52,50,43,48,47,47,19,60,58,58,58,58,58,58,55,38,38,38,31,18,11,11,11,11,0],"gold":251,"neow_bonus":"REMOVE_TWO","is_prod":false,"is_daily":false,"rewards_skipped":[],"chose_seed":false,"campfire_upgraded":4,"win_rate":0,"floor_exit_playtime":[53,79,117,120,134,136,140,195,200,264,271,390,439,472,480,631,689,760,764,767,805,822,829,1274,1307,1314,1347,1417,1530,1584,1686,1700,1897,1929,1968,1983,2290,2344,2359,2484,2651,2845,2848,3051,3247,3257,3742,3757,3759,4487],"timestamp":1700612569,"blue_key_relic_skipped_log":{"floor":26,"relicID":"Blue Candle"},"path_taken":["M","M","M","?","$","?","R","E","T","E","R","E","M","M","R","BOSS","M","?","?","$","?","R","E","M","T","$","?","E","M","E","R","BOSS","M","?","?","M","$","E","M","E","T","E","M","?","E","?","R","BOSS","BOSS"],"build_version":"2022-12-18","purchased_purges":3,"victory":false,"max_hp_per_floor":[68,68,68,68,68,68,68,68,68,68,68,68,68,68,68,68,68,68,68,68,68,68,68,68,68,68,68,68,68,73,73,73,73,73,73,73,73,73,73,73,73,73,73,73,73,73,73,73,73,73,73],"relic_stats":{"Darkstone Periapt":0,"Happy Flower":[56],"counters":[28,177],"Astrolabe":["Judgement","SashWhip","Omniscience"],"Yang":[107],"PreservedInsect":114,"War Paint":["Sanctity","InnerPeace"],"Orichalcum":[6],"Medical Kit":[34],"GoldenEye":[82],"Bottled Flame":"CutThroughFate","Ornamental Fan":[104],"Kunai":[39],"PureWater":[25],"obtain_stats":[{"Potion Belt":8,"Darkstone Periapt":43,"Happy Flower":4,"Astrolabe":17,"Yang":44,"PreservedInsect":42,"Incense Burner":47,"War Paint":24,"Frozen Egg 2":29,"Orichalcum":40,"Medical Kit":27,"Empty Cage":34,"GoldenEye":37,"Bottled Flame":10,"Ornamental Fan":31,"Bag of Marbles":9,"Kunai":12,"PureWater":0},{"Potion Belt":4,"Darkstone Periapt":23,"Happy Flower":3,"Astrolabe":9,"Yang":24,"PreservedInsect":23,"Incense Burner":26,"War Paint":11,"Frozen Egg 2":14,"Orichalcum":21,"Medical Kit":12,"Empty Cage":17,"GoldenEye":19,"Bottled Flame":5,"Ornamental Fan":16,"Bag of Marbles":4,"Kunai":6,"PureWater":0},{"Potion Belt":11,"Darkstone Periapt":106,"Happy Flower":8,"Astrolabe":39,"Yang":112,"PreservedInsect":106,"Incense Burner":130,"War Paint":49,"Frozen Egg 2":59,"Orichalcum":91,"Medical Kit":51,"Empty Cage":75,"GoldenEye":83,"Bottled Flame":16,"Ornamental Fan":66,"Bag of Marbles":11,"Kunai":21,"PureWater":0}]},"card_choices":[{"not_picked":["Indignation","Consecrate"],"picked":"EmptyFist","floor":1.0},{"not_picked":["Wireheading","Protect"],"picked":"CutThroughFate","floor":2.0},{"not_picked":["Pray","TalkToTheHand"],"picked":"LikeWater","floor":3.0},{"not_picked":["Weave","Consecrate"],"picked":"Crescendo","floor":8.0},{"not_picked":["WindmillStrike","EmptyBody"],"picked":"InnerPeace","floor":10.0},{"not_picked":["FollowUp","Halt","SashWhip"],"picked":"SKIP","floor":12.0},{"not_picked":["FollowUp","Halt","SashWhip"],"picked":"SKIP","floor":12.0},{"not_picked":["CutThroughFate","WaveOfTheHand","EmptyBody"],"picked":"SKIP","floor":13.0},{"not_picked":["SignatureMove","Evaluate"],"picked":"Sanctity","floor":14.0},{"not_picked":["Omniscience","ConjureBlade"],"picked":"Vault","floor":16},{"not_picked":["InnerPeace","FlurryOfBlows"],"picked":"Wallop+1","floor":18},{"not_picked":["SignatureMove","Fasting2"],"picked":"WheelKick","floor":24},{"not_picked":["PathToVictory","Consecrate","FollowUp"],"picked":"SKIP","floor":25},{"not_picked":["BowlingBash","BattleHymn","FollowUp"],"picked":"SKIP","floor":28},{"not_picked":["Perseverance","ForeignInfluence+1"],"picked":"Tantrum+1","floor":29},{"not_picked":["JustLucky","WindmillStrike","EmptyFist+1"],"picked":"SKIP","floor":30},{"not_picked":["FollowUp","ForeignInfluence"],"picked":"DeusExMachina","floor":31},{"not_picked":["Wish","ConjureBlade"],"picked":"Omniscience","floor":33},{"not_picked":["FlurryOfBlows","SashWhip+1"],"picked":"Halt+1","floor":35},{"not_picked":["Prostrate","SpiritShield"],"picked":"Worship","floor":37},{"not_picked":["Halt","FlurryOfBlows"],"picked":"Prostrate+1","floor":38},{"not_picked":["Alpha","FlyingSleeves+1"],"picked":"Prostrate","floor":40},{"not_picked":["Consecrate+1","Tantrum"],"picked":"ThirdEye+1","floor":41},{"not_picked":["Fasting2+1","Prostrate","Crescendo+1"],"picked":"SKIP","floor":42},{"not_picked":["ThirdEye+1","FollowUp","Study+1"],"picked":"SKIP","floor":44},{"not_picked":["Crescendo+1","SashWhip+1","Alpha"],"picked":"SKIP","floor":45},{"not_picked":["JustLucky+1","Crescendo"],"picked":"Meditate","floor":47}],"player_experience":2312078,"relics_obtained":[{"floor":4.0,"key":"Happy Flower"},{"floor":8.0,"key":"Potion Belt"},{"floor":9.0,"key":"Bag of Marbles"},{"floor":10.0,"key":"Bottled Flame"},{"floor":12.0,"key":"Kunai"},{"floor":24,"key":"War Paint"},{"floor":29,"key":"Frozen Egg 2"},{"floor":31,"key":"Ornamental Fan"},{"floor":37,"key":"GoldenEye"},{"floor":40,"key":"Orichalcum"},{"floor":42,"key":"PreservedInsect"},{"floor":43,"key":"Darkstone Periapt"},{"floor":44,"key":"Yang"},{"floor":47,"key":"Incense Burner"}],"event_choices":[{"damage_healed":0.0,"max_hp_gain":0.0,"max_hp_loss":0.0,"gold_gain":75.0,"event_name":"World of Goop","player_choice":"Gather Gold","floor":6.0,"gold_loss":0.0,"damage_taken":11.0},{"damage_healed":0,"gold_gain":0,"player_choice":"Ignored","damage_taken":0,"max_hp_gain":0,"max_hp_loss":0,"event_name":"Ghosts","floor":19,"gold_loss":0},{"damage_healed":0,"gold_gain":0,"player_choice":"Ignored","damage_taken":0,"max_hp_gain":0,"max_hp_loss":0,"event_name":"The Mausoleum","floor":20,"gold_loss":0},{"damage_healed":0,"gold_gain":0,"player_choice":"1 cards matched","damage_taken":0,"max_hp_gain":0,"max_hp_loss":0,"event_name":"Match and Keep!","floor":22,"gold_loss":0,"cards_obtained":["SpiritShield"]},{"cards_removed":["WheelKick"],"damage_healed":0,"gold_gain":0,"player_choice":"Removed Attack","damage_taken":0,"max_hp_gain":0,"max_hp_loss":0,"event_name":"Falling","floor":36,"gold_loss":0},{"damage_healed":0,"gold_gain":0,"player_choice":"Fight","damage_taken":0,"max_hp_gain":0,"max_hp_loss":0,"event_name":"MindBloom","floor":37,"gold_loss":0},{"damage_healed":0,"gold_gain":0,"player_choice":"Embrace Madness","damage_taken":13,"max_hp_gain":0,"max_hp_loss":0,"event_name":"Winding Halls","floor":46,"gold_loss":0,"cards_obtained":["Madness","Madness"]},{"damage_healed":0,"gold_gain":0,"cards_transformed":["Conclude"],"player_choice":"Transformed","damage_taken":0,"max_hp_gain":0,"max_hp_loss":0,"event_name":"Transmorgrifier","floor":48,"gold_loss":0,"cards_obtained":["BowlingBash"]}],"is_beta":false,"boss_relics":[{"not_picked":["Philosopher\u0027s Stone","VioletLotus"],"picked":"Astrolabe"},{"not_picked":["Busted Crown","Tiny House"],"picked":"Empty Cage"}],"items_purged_floors":[5,21,27],"is_endless":false,"potions_floor_spawned":[1,3,10,13,16,18,29,30,38,40,44,47],"killed_by":"Donu and Deca","ascension_level":20,"potion_discard_per_floor":[[],[],[],[],[],[],[],[],[],[],[],[],[],[],[],[],[],[],[],[],[],[],[],[],[],[],[],[],[],[],[],[],[],[],[],[],[],[],[],["BlessingOfTheForge"],[],[],[],[],[],[],[],[],[],[],[]]}