{"neow_bonuses_skipped_log":["THREE_CARDS","ONE_RARE_RELIC","BOSS_RELIC"],"potions_obtained_entropic_brew":[[],[],[],[],[],[],[],[],[],[],[],[],[],[],[],[],[],[],[]],"neow_costs_skipped_log":["NONE","TEN_PERCENT_HP_LOSS","NONE"],"gold_per_floor":[218,88,100,114,114,114,143,143,168,200,229,241,253,300,312,401,413,440,452],"floor_reached":19,"playtime":836,"items_purged":["Defend_P"],"score":420,"play_id":"7ff415f2-f8f6-4575-b774-2f13f90bffc4","local_time":"20240605194647","score_breakdown":["Floors Climbed (19): 95","Enemies Slain (5): 10","Exordium Elites Killed (3): 30","City Elites Killed (0): 0","Bosses Slain (1): 50","Champion (1): 25","Ascension (20): 210"],"is_ascension_mode":true,"potions_obtained_alchemize":[[],[],[],[],[],[],[],[],[],[],[],[],[],[],[],[],[],[],[]],"campfire_choices":[{"data":"SandsOfTime","floor":6,"key":"SMITH"},{"data":"Eruption","floor":8,"key":"SMITH"},{"data":"ThirdEye","floor":12,"key":"SMITH"},{"data":"Adaptation","floor":15,"key":"SMITH"}],"lesson_learned_per_floor":[[],[],[],[],[],[],[],[],[],[],[],[],[],[],[],[],[],[],[]],"neow_cost":"NONE","improvable_cards":{},"seed_source_timestamp":1708256312700900,"shop_contents":[{"floor":2,"relics":["Damaru","Toy Ornithopter","Chemical X"],"cards":["Ragnarok","EmptyFist","WaveOfTheHand","ThirdEye","BattleHymn","PanicButton","HandOfGreed"],"potions":["ColorlessPotion","SteroidPotion"]},{"floor":13,"relics":["Toxic Egg 2","Akabeko","Strange Spoon"],"cards":["LessonLearned","EmptyFist","Meditate","Worship","MasterReality","Flash of Steel","HandOfGreed"],"potions":["FearPotion","PowerPotion","EssenceOfSteel"]}],"circlet_count":0,"master_deck":["AscendersBane","Strike_P","Strike_P","Strike_P","Strike_P","Defend_P","Defend_P","Eruption+1","Vigilance","EmptyFist","SandsOfTime+1","WheelKick","EmptyMind","ThirdEye+1","Adaptation+1","Blasphemy"],"potion_use_per_floor":[[],[],[],[],[],[],["Fire Potion"],[],[],[],[],[],[],["SkillPotion"],[],["Weak Potion"],[],[],[]],"relics":["PureWater","Art of War","Lantern","MawBank","Ancient Tea Set","VioletLotus"],"potions_floor_usage":[7,14,16],"damage_taken":[{"damage":1,"enemies":"Small Slimes","floor":1,"turns":3},{"damage":0,"enemies":"2 Louse","floor":3,"turns":3},{"damage":1,"enemies":"Cultist","floor":4,"turns":3},{"damage":0,"enemies":"Lagavulin","floor":7,"turns":4},{"damage":3,"enemies":"Gremlin Nob","floor":10,"turns":3},{"damage":8,"enemies":"Exordium Wildlife","floor":11,"turns":2},{"damage":8,"enemies":"Lagavulin","floor":14,"turns":6},{"damage":26,"enemies":"Hexaghost","floor":16,"turns":8},{"damage":31,"enemies":"3 Byrds","floor":18,"turns":7},{"damage":27,"enemies":"Shell Parasite","floor":19,"turns":3}],"seed_played":"5336439648156883291","neow_bonus_log":{"cardsObtained":[],"cardsUpgraded":[],"cardsRemoved":[],"cardsTransformed":[],"relicsObtained":[],"maxHpGained":0,"goldGained":100,"damageTaken":0,"goldLost":0,"maxHpLost":0},"potions_obtained":[{"floor":3,"key":"SkillPotion"},{"floor":7,"key":"Weak Potion"}],"is_trial":false,"path_per_floor":["M","$","M","M","?","R","E","R","T","E","M","R","$","E","R","B",null,"M","M"],"character_chosen":"WATCHER","basemod:card_modifiers":[null,null,null,null,null,null,null,null,null,null,null,null,null,null,null,null],"items_purchased":["Fire Potion"],"campfire_rested":0,"item_purchase_floors":[2],"current_hp_per_floor":[60,60,60,59,52,52,52,52,52,49,41,41,41,33,33,7,53,22,0],"gold":452,"neow_bonus":"HUNDRED_GOLD","is_prod":false,"is_daily":false,"rewards_skipped":[{"floor":10,"relics":[],"potions":["Ancient Potion"]}],"chose_seed":false,"campfire_upgraded":4,"win_rate":0,"floor_exit_playtime":[37,68,105,129,142,148,206,216,219,281,308,314,329,523,533,642,657,807],"timestamp":1717631207,"path_taken":["M","$","M","M","?","R","E","R","T","E","M","R","$","E","R","BOSS","M","M"],"build_version":"2022-12-18","purchased_purges":1,"victory":false,"max_hp_per_floor":[68,68,68,68,68,68,68,68,68,68,68,68,68,68,68,68,68,68,68],"relic_stats":{"counters":[10,42],"VioletLotus":[3],"Art of War":[4],"PureWater":[8],"MawBank":108,"Ancient Tea Set":[2],"obtain_stats":[{"Lantern":9,"VioletLotus":17,"Art of War":7,"PureWater":0,"MawBank":10,"Ancient Tea Set":14},{"Lantern":4,"VioletLotus":8,"Art of War":4,"PureWater":0,"MawBank":5,"Ancient Tea Set":7},{"Lantern":13,"VioletLotus":32,"Art of War":13,"PureWater":0,"MawBank":16,"Ancient Tea Set":24}]},"card_choices":[{"not_picked":["Prostrate","BattleHymn"],"picked":"EmptyFist","floor":1},{"not_picked":["CrushJoints","FlurryOfBlows"],"picked":"SandsOfTime","floor":3},{"not_picked":["BowlingBash","Wallop"],"picked":"WheelKick","floor":4},{"not_picked":["Evaluate","FollowUp"],"picked":"EmptyMind","floor":7},{"not_picked":["Sanctity","PathToVictory","Protect"],"picked":"SKIP","floor":10},{"not_picked":["ForeignInfluence","EmptyMind"],"picked":"ThirdEye","floor":11},{"not_picked":["ThirdEye","ClearTheMind"],"picked":"Adaptation","floor":14},{"not_picked":["Wish","SpiritShield"],"picked":"Blasphemy","floor":16},{"not_picked":["JustLucky","Halt","DeceiveReality"],"picked":"SKIP","floor":18}],"player_experience":2422011,"relics_obtained":[{"floor":7,"key":"Art of War"},{"floor":9,"key":"Lantern"},{"floor":10,"key":"MawBank"},{"floor":14,"key":"Ancient Tea Set"}],"event_choices":[{"cards_removed":["Defend_P"],"damage_healed":0,"gold_gain":0,"player_choice":"Card Removal","damage_taken":7,"max_hp_gain":0,"max_hp_loss":0,"event_name":"Golden Wing","floor":5,"gold_loss":0}],"is_beta":false,"boss_relics":[{"not_picked":["Empty Cage","SlaversCollar"],"picked":"VioletLotus"}],"items_purged_floors":[2],"is_endless":false,"potions_floor_spawned":[3,7,10],"killed_by":"Shell Parasite","ascension_level":20,"potion_discard_per_floor":[[],[],[],[],[],[],[],[],[],[],[],[],[],[],[],[],[],[],[]]}