{"neow_bonuses_skipped_log":["UPGRADE_CARD","TEN_PERCENT_HP_BONUS","BOSS_RELIC"],"potions_obtained_entropic_brew":[[],[],[],[],[],[],[],[],[],[],[],[],[],[],[],[],[],[],[],[],[]],"neow_costs_skipped_log":["NONE","NONE","NONE"],"gold_per_floor":[119,135,135,16,32,66,66,97,97,97,116,116,149,129,129,202,202,218,235,252,252],"floor_reached":21,"playtime":708,"items_purged":["Defend_P"],"score":498,"play_id":"e3dd65f2-d31c-403e-a8d7-60515cdfe070","local_time":"20240701143221","score_breakdown":["Floors Climbed (21): 105","Enemies Slain (7): 14","Exordium Elites Killed (3): 30","City Elites Killed (0): 0","Bosses Slain (1): 50","Perfect (1): 50","Ascension (20): 249"],"is_ascension_mode":true,"potions_obtained_alchemize":[[],[],[],[],[],[],[],[],[],[],[],[],[],[],[],[],[],[],[],[],[]],"campfire_choices":[{"floor":7,"key":"REST"},{"data":"Eruption","floor":10,"key":"SMITH"},{"floor":12,"key":"REST"},{"data":"Vault","floor":15,"key":"SMITH"}],"lesson_learned_per_floor":[[],[],[],[],[],[],[],[],[],[],[],[],[],[],[],[],[],[],[],[],[]],"neow_cost":"TEN_PERCENT_HP_LOSS","improvable_cards":{},"seed_source_timestamp":1676152919861400,"shop_contents":[{"floor":4,"relics":["Darkstone Periapt","Vajra","Melange"],"cards":["FlyingSleeves","CrushJoints","ClearTheMind","PathToVictory","Finesse","The Bomb"],"potions":["GamblersBrew","Ancient Potion","Ambrosia"]}],"circlet_count":0,"master_deck":["AscendersBane","Strike_P","Strike_P","Strike_P","Defend_P","Eruption+1","Vigilance","CrushJoints","TalkToTheHand","FollowUp","Vault+1","MentalFortress","BowlingBash","Halt+1","FlurryOfBlows","FearNoEvil","DeusExMachina+1","ThirdEye+1","Adaptation","InnerPeace+1"],"potion_use_per_floor":[[],[],[],[],[],[],[],[],[],[],[],[],[],[],[],["Strength Potion"],[],["Block Potion"],[],[],[]],"relics":["PureWater","Toxic Egg 2","Regal Pillow","Pear","The Courier","VioletLotus"],"potions_floor_usage":[16,18],"damage_taken":[{"damage":1,"enemies":"Jaw Worm","floor":1,"turns":3},{"damage":4,"enemies":"Small Slimes","floor":2,"turns":3},{"damage":0,"enemies":"Cultist","floor":5,"turns":2},{"damage":37,"enemies":"Lagavulin","floor":6,"turns":5},{"damage":20,"enemies":"3 Sentries","floor":8,"turns":4},{"damage":14,"enemies":"Lots of Slimes","floor":11,"turns":4},{"damage":15,"enemies":"Lagavulin","floor":13,"turns":7},{"damage":0,"enemies":"Slime Boss","floor":16,"turns":4},{"damage":0,"enemies":"2 Thieves","floor":18,"turns":4},{"damage":0,"enemies":"Spheric Guardian","floor":19,"turns":3},{"damage":56,"enemies":"Snake Plant","floor":20,"turns":6},{"damage":6,"enemies":"Shelled Parasite and Fungi","floor":21,"turns":1}],"seed_played":"-8732641435064809886","neow_bonus_log":{"cardsObtained":["CrushJoints","TalkToTheHand"],"cardsUpgraded":[],"cardsRemoved":[],"cardsTransformed":["Defend_P","Defend_P"],"relicsObtained":[],"maxHpGained":0,"goldGained":0,"damageTaken":0,"goldLost":0,"maxHpLost":6},"potions_obtained":[{"floor":2,"key":"Ancient Potion"},{"floor":8,"key":"PowerPotion"},{"floor":14,"key":"Strength Potion"},{"floor":16,"key":"Block Potion"}],"is_trial":false,"path_per_floor":["M","M","?","$","M","E","R","E","T","R","M","R","E","?","R","B",null,"M","M","M","M"],"character_chosen":"WATCHER","basemod:card_modifiers":[null,null,null,null,null,null,null,null,null,null,null,null,null,null,null,null,null,null,null,null],"items_purchased":["MentalFortress"],"campfire_rested":2,"item_purchase_floors":[4],"current_hp_per_floor":[60,56,49,49,49,12,30,10,20,20,6,42,27,27,27,27,61,61,61,5,0],"gold":252,"neow_bonus":"TRANSFORM_TWO_CARDS","is_prod":false,"is_daily":false,"rewards_skipped":[],"chose_seed":false,"campfire_upgraded":2,"win_rate":0,"floor_exit_playtime":[70,99,107,119,143,199,202,271,273,279,332,334,422,428,436,488,502,562,606,689],"timestamp":1719858741,"path_taken":["M","M","?","$","M","E","R","E","T","R","M","R","E","?","R","BOSS","M","?","?","M"],"build_version":"2022-12-18","purchased_purges":1,"victory":false,"max_hp_per_floor":[62,62,62,62,62,62,62,62,72,72,72,72,72,72,72,72,72,72,72,72,72],"relic_stats":{"Regal Pillow":15,"counters":[12,46],"The Courier":0,"VioletLotus":[0],"PureWater":[12],"obtain_stats":[{"Regal Pillow":8,"Pear":9,"The Courier":13,"VioletLotus":17,"PureWater":0,"Toxic Egg 2":6},{"Regal Pillow":5,"Pear":5,"The Courier":7,"VioletLotus":8,"PureWater":0,"Toxic Egg 2":4},{"Regal Pillow":17,"Pear":17,"The Courier":28,"VioletLotus":32,"PureWater":0,"Toxic Egg 2":13}]},"card_choices":[{"not_picked":["JustLucky","ClearTheMind"],"picked":"FollowUp","floor":1},{"not_picked":["EmptyFist","Crescendo"],"picked":"Vault","floor":2},{"not_picked":["EmptyFist","Protect"],"picked":"BowlingBash","floor":5},{"not_picked":["JustLucky","Crescendo+1"],"picked":"Halt+1","floor":6},{"not_picked":["FlyingSleeves","JustLucky","FollowUp"],"picked":"SKIP","floor":8},{"not_picked":["EmptyFist","Consecrate"],"picked":"FlurryOfBlows","floor":11},{"not_picked":["FollowUp","DeceiveReality+1"],"picked":"FearNoEvil","floor":13},{"not_picked":["MasterReality","Alpha+1"],"picked":"DeusExMachina+1","floor":16},{"not_picked":["Pray+1","FlyingSleeves+1"],"picked":"ThirdEye+1","floor":18},{"not_picked":["SashWhip","EmptyBody+1"],"picked":"Adaptation","floor":19},{"not_picked":["FlyingSleeves","ClearTheMind+1"],"picked":"InnerPeace+1","floor":20}],"player_experience":2590562,"relics_obtained":[{"floor":6,"key":"Toxic Egg 2"},{"floor":8,"key":"Regal Pillow"},{"floor":9,"key":"Pear"},{"floor":13,"key":"The Courier"}],"event_choices":[{"cards_removed":["Strike_P"],"damage_healed":0,"gold_gain":0,"player_choice":"Card Removal","damage_taken":7,"max_hp_gain":0,"max_hp_loss":0,"event_name":"Golden Wing","floor":3,"gold_loss":0},{"damage_healed":0,"gold_gain":0,"player_choice":"Bought 1 Potion","damage_taken":0,"max_hp_gain":0,"max_hp_loss":0,"event_name":"The Woman in Blue","floor":14,"gold_loss":0}],"is_beta":false,"boss_relics":[{"not_picked":["Busted Crown","Coffee Dripper"],"picked":"VioletLotus"}],"items_purged_floors":[4],"is_endless":false,"potions_floor_spawned":[2,8,16],"killed_by":"Shelled Parasite and Fungi","ascension_level":20,"potion_discard_per_floor":[[],[],[],[],[],[],[],[],[],[],[],[],[],["Ancient Potion"],[],[],[],[],[],[],[]]}