{"neow_bonuses_skipped_log":["TRANSFORM_CARD","TEN_PERCENT_HP_BONUS","TWENTY_PERCENT_HP_BONUS"],"neow_costs_skipped_log":["NONE","NONE","CURSE"],"potions_obtained_entropic_brew":[[],[],[],[],[],[],[],[],[],[],[],[],[],[],[],[],[],[],[],[],[],[],[],[],[],[],[],[],[],[],[],[],[],[],[],[],[],[],[],[],[],[],[],[],[],[],[],[],[],[],[],[],[],[],[],[]],"gold_per_floor":[110,121,136,146,165,165,192,192,192,226,226,258,275,293,293,370,370,388,146,146,146,158,158,187,187,212,224,264,292,336,361,373,464,476,498,208,208,225,225,260,285,320,400,432,442,496,528,553,553,553,553,553,553,369,403,403],"floor_reached":56,"playtime":3373,"items_purged":["Defend_P","Strike_P","Strike_P"],"score":2415,"play_id":"18650773-40c0-4f21-94ae-a38395facc53","local_time":"20240713170345","falling_options_log":["Eruption","Vault+1"],"score_breakdown":["Floors Climbed (56): 280","Enemies Slain (15): 30","Exordium Elites Killed (3): 30","City Elites Killed (3): 60","Beyond Elites Killed (4): 120","Bosses Slain (4): 500","I Like Shiny: 50","Money Money (1101): 25","Champion (4): 100","Perfect (1): 50","Ascension (20): 1170"],"is_ascension_mode":true,"potions_obtained_alchemize":[[],[],[],[],[],[],[],[],[],[],[],[],[],[],[],[],[],[],[],[],[],[],[],[],[],[],[],[],[],[],[],[],[],[],[],[],[],[],[],[],[],[],[],[],[],[],[],[],[],[],[],[],[],[],[],[]],"campfire_choices":[{"floor":6,"key":"REST"},{"data":"ThirdEye","floor":8,"key":"SMITH"},{"data":"Meditate","floor":11,"key":"SMITH"},{"data":"BattleHymn","floor":15,"key":"SMITH"},{"data":"WheelKick","floor":23,"key":"SMITH"},{"data":"Ragnarok","floor":32,"key":"SMITH"},{"floor":49,"key":"RECALL"},{"floor":53,"key":"REST"}],"lesson_learned_per_floor":[[],[],[],[],[],[],[],[],[],[],[],[],[],[],[],[],[],[],[],[],[],[],[],[],[],[],[],[],[],[],[],[],[],[],[],[],[],[],[],[],[],[],[],[],[],[],[],[],[],[],[],[],[],[],[],[]],"neow_cost":"NONE","improvable_cards":{},"seed_source_timestamp":220821840280800,"shop_contents":[{"floor":19,"relics":["War Paint","Whetstone"],"cards":["JustLucky","ReachHeaven","EmptyBody+1","Prostrate+1","Wireheading","Swift Strike","Mayhem"],"potions":["Fire Potion","Fruit Juice","Ambrosia"]},{"floor":36,"relics":["TungstenRod","Sling"],"cards":["Consecrate","BowlingBash","Judgement+1","MentalFortress","Purity+1","Panache"],"potions":["SpeedPotion","SpeedPotion","SkillPotion"]},{"floor":54,"relics":["Letter Opener","Damaru","Cauldron"],"cards":["JustLucky","Wallop","Swivel+1","PathToVictory+1","Adaptation","HandOfGreed"],"potions":["SkillPotion","SteroidPotion"]}],"circlet_count":0,"master_deck":["AscendersBane","Strike_P","Strike_P","Defend_P","Defend_P","Defend_P","Eruption","Vigilance","Meditate+1","ThirdEye+1","Vault","FearNoEvil","Protect+1","Protect+1","Alpha+1","Scrawl+1","SpiritShield+1","InnerPeace+1","Ragnarok+1","WheelKick+1","Vault+1","WaveOfTheHand+1","Sanctity+1","ThirdEye+1","LikeWater","CutThroughFate+1","Discovery+1"],"potion_use_per_floor":[[],[],[],[],[],[],["Strength Potion"],[],[],["FearPotion"],[],[],[],[],[],["Dexterity Potion"],[],[],[],[],[],[],[],["Fire Potion"],[],[],[],[],["Block Potion"],[],[],[],["PowerPotion"],[],[],[],[],[],[],[],[],[],[],["DistilledChaos"],[],["GamblersBrew"],[],["Fruit Juice"],[],["SkillPotion"],[],[],[],[],[],["PowerPotion","PowerPotion"]],"relics":["Snecko Eye","PreservedInsect","Pear","Toxic Egg 2","Shuriken","Velvet Choker","Orrery","Ancient Tea Set","MawBank","Smiling Mask","Bronze Scales","Black Star","Anchor","Omamori","Prayer Wheel","Incense Burner","Akabeko","Mercury Hourglass","HornCleat","CeramicFish","MealTicket","Calipers","Question Card","Sundial","Pen Nib","Eternal Feather"],"potions_floor_usage":[7,10,16,24,29,33,44,46,48,50,56,56],"damage_taken":[{"damage":7,"enemies":"Cultist","floor":1,"turns":3},{"damage":6,"enemies":"2 Louse","floor":2,"turns":3},{"damage":7,"enemies":"Jaw Worm","floor":3,"turns":3},{"damage":12,"enemies":"Large Slime","floor":4,"turns":5},{"damage":2,"enemies":"Looter","floor":5,"turns":4},{"damage":4,"enemies":"3 Sentries","floor":7,"turns":7},{"damage":0,"enemies":"Lagavulin","floor":10,"turns":4},{"damage":0,"enemies":"3 Sentries","floor":12,"turns":4},{"damage":0,"enemies":"Exordium Thugs","floor":13,"turns":5},{"damage":0,"enemies":"Large Slime","floor":14,"turns":4},{"damage":0,"enemies":"The Guardian","floor":16,"turns":9},{"damage":0,"enemies":"Spheric Guardian","floor":18,"turns":3},{"damage":0,"enemies":"Chosen","floor":22,"turns":4},{"damage":5,"enemies":"Slavers","floor":24,"turns":4},{"damage":5,"enemies":"Book of Stabbing","floor":28,"turns":4},{"damage":6,"enemies":"Shelled Parasite and Fungi","floor":29,"turns":4},{"damage":0,"enemies":"Gremlin Leader","floor":30,"turns":4},{"damage":0,"enemies":"3 Cultists","floor":31,"turns":3},{"damage":10,"enemies":"Collector","floor":33,"turns":4},{"damage":6,"enemies":"3 Shapes","floor":35,"turns":4},{"damage":0,"enemies":"3 Darklings","floor":38,"turns":3},{"damage":11,"enemies":"Giant Head","floor":40,"turns":5},{"damage":0,"enemies":"Mind Bloom Boss Battle","floor":41,"turns":6},{"damage":1,"enemies":"Nemesis","floor":42,"turns":6},{"damage":5,"enemies":"Reptomancer","floor":44,"turns":9},{"damage":0,"enemies":"Sphere and 2 Shapes","floor":45,"turns":3},{"damage":0,"enemies":"2 Orb Walkers","floor":46,"turns":4},{"damage":0,"enemies":"Nemesis","floor":47,"turns":5},{"damage":0,"enemies":"Maw","floor":48,"turns":6},{"damage":32,"enemies":"Time Eater","floor":50,"turns":12},{"damage":10,"enemies":"Donu and Deca","floor":51,"turns":8},{"damage":24,"enemies":"Shield and Spear","floor":55,"turns":8},{"damage":61,"enemies":"The Heart","floor":56,"turns":14}],"green_key_taken_log":12,"seed_played":"6545935641236311374","neow_bonus_log":{"cardsObtained":[],"cardsUpgraded":[],"cardsRemoved":[],"cardsTransformed":[],"relicsObtained":["Snecko Eye"],"maxHpGained":0,"goldGained":0,"damageTaken":0,"goldLost":0,"maxHpLost":0},"potions_obtained":[{"floor":2,"key":"FearPotion"},{"floor":3,"key":"Strength Potion"},{"floor":7,"key":"Dexterity Potion"},{"floor":12,"key":"FearPotion"},{"floor":16,"key":"PowerPotion"},{"floor":18,"key":"Fire Potion"},{"floor":24,"key":"Block Potion"},{"floor":33,"key":"DistilledChaos"},{"floor":35,"key":"SteroidPotion"},{"floor":40,"key":"Fire Potion"},{"floor":44,"key":"GamblersBrew"},{"floor":45,"key":"Fruit Juice"},{"floor":46,"key":"PowerPotion"},{"floor":48,"key":"SkillPotion"}],"is_trial":false,"path_per_floor":["M","M","M","M","M","R","E","R","T","E","R","E","M","M","R","B",null,"M","$","?","?","M","R","E","?","T","T","E","M","E","M","R","B",null,"M","$","?","M","?","E","?","E","T","E","M","?","E","M","R","B","B",null,"R","$","E","B"],"character_chosen":"WATCHER","basemod:card_modifiers":[null,null,null,null,null,null,null,null,null,null,null,null,null,null,null,null,null,null,null,null,null,null,null,null,null,null,null],"items_purchased":["Orrery","Anchor","WaveOfTheHand+1","PowerPotion","Discovery+1"],"campfire_rested":2,"item_purchase_floors":[19,36,36,54,54],"current_hp_per_floor":[54,48,41,29,27,47,43,43,53,53,53,53,53,53,53,53,72,72,72,72,72,72,72,67,67,67,67,62,56,56,56,56,46,70,64,64,64,64,64,53,53,52,52,47,47,47,47,52,52,20,10,65,83,83,59,0],"gold":403,"neow_bonus":"BOSS_RELIC","is_prod":false,"is_daily":false,"rewards_skipped":[{"floor":55,"relics":[],"potions":["Explosive Potion"]}],"chose_seed":false,"campfire_upgraded":5,"win_rate":0,"floor_exit_playtime":[42,78,122,180,239,246,337,347,350,398,405,468,542,587,595,747,764,806,847,854,904,977,983,1049,1052,1056,1059,1130,1205,1296,1333,1338,1431,1451,1494,1540,1545,1575,1578,1673,1753,1848,1851,2026,2085,2176,2262,2356,2358,2596,2746,2757,2761,2780,2961],"timestamp":1720904625,"blue_key_relic_skipped_log":{"floor":27,"relicID":"Darkstone Periapt"},"path_taken":["M","M","M","?","M","R","E","R","T","E","R","E","M","M","R","BOSS","M","$","?","?","M","R","E","?","T","?","E","?","E","M","R","BOSS","M","$","?","M","?","E","?","E","T","E","M","?","E","M","R","BOSS","BOSS","R","$","E","BOSS"],"build_version":"2022-12-18","purchased_purges":3,"victory":false,"max_hp_per_floor":[68,68,68,68,68,68,68,68,78,78,78,78,78,78,78,78,78,78,78,78,78,78,78,78,78,78,78,78,78,78,78,78,78,78,78,78,78,78,78,78,78,78,78,78,78,78,78,83,83,83,83,83,83,83,83,83],"relic_stats":{"Calipers":[420],"counters":[33,174],"CeramicFish":27,"Eternal Feather":0,"PreservedInsect":555,"Pen Nib":[0],"Omamori":0,"Ancient Tea Set":[6],"MawBank":120,"Smiling Mask":125,"Question Card":3,"Mercury Hourglass":[236],"Shuriken":[16],"Sundial":[10],"Bronze Scales":[354],"Snecko Eye":[297,286,369,314,-212],"Prayer Wheel":2,"MealTicket":0,"Black Star":5,"obtain_stats":[{"Calipers":46,"CeramicFish":44,"Incense Burner":41,"Ancient Tea Set":24,"Smiling Mask":28,"HornCleat":43,"Sundial":47,"Prayer Wheel":40,"MealTicket":44,"Toxic Egg 2":10,"Pear":9,"Velvet Choker":17,"Eternal Feather":55,"PreservedInsect":7,"Pen Nib":55,"Omamori":40,"MawBank":26,"Question Card":47,"Akabeko":42,"Mercury Hourglass":42,"Anchor":36,"Shuriken":12,"Bronze Scales":30,"Snecko Eye":0,"Orrery":19,"Black Star":34,"PureWater":0},{"Calipers":27,"CeramicFish":25,"Incense Burner":23,"Ancient Tea Set":14,"Smiling Mask":15,"HornCleat":24,"Sundial":28,"Prayer Wheel":22,"MealTicket":25,"Toxic Egg 2":7,"Pear":6,"Velvet Choker":11,"Eternal Feather":32,"PreservedInsect":6,"Pen Nib":32,"Omamori":22,"MawBank":14,"Question Card":28,"Akabeko":24,"Mercury Hourglass":24,"Anchor":20,"Shuriken":8,"Bronze Scales":17,"Snecko Eye":0,"Orrery":12,"Black Star":19,"PureWater":0},{"Calipers":121,"CeramicFish":114,"Incense Burner":99,"Ancient Tea Set":62,"Smiling Mask":66,"HornCleat":105,"Sundial":126,"Prayer Wheel":93,"MealTicket":114,"Toxic Egg 2":29,"Pear":25,"Velvet Choker":51,"Eternal Feather":160,"PreservedInsect":25,"Pen Nib":160,"Omamori":93,"MawBank":62,"Question Card":126,"Akabeko":105,"Mercury Hourglass":105,"Anchor":85,"Shuriken":33,"Bronze Scales":74,"Snecko Eye":0,"Orrery":54,"Black Star":81,"PureWater":0}]},"card_choices":[{"not_picked":["ThirdEye","Protect"],"picked":"Meditate","floor":1},{"not_picked":["Meditate","Study"],"picked":"BattleHymn","floor":2},{"not_picked":["JustLucky","CrushJoints"],"picked":"ThirdEye","floor":3},{"not_picked":["EmptyFist","Crescendo","BowlingBash"],"picked":"SKIP","floor":4},{"not_picked":["Protect","ThirdEye"],"picked":"Vault","floor":5},{"not_picked":["Perseverance","EmptyFist"],"picked":"FearNoEvil","floor":7},{"not_picked":["Perseverance+1","WreathOfFlame+1","CrushJoints"],"picked":"SKIP","floor":10},{"not_picked":["WreathOfFlame+1","BowlingBash","Fasting2"],"picked":"SKIP","floor":12},{"not_picked":["Fasting2","JustLucky"],"picked":"Protect+1","floor":13},{"not_picked":["FlurryOfBlows","BowlingBash"],"picked":"Protect+1","floor":14},{"not_picked":["ConjureBlade+1","Blasphemy+1"],"picked":"Alpha+1","floor":16},{"not_picked":["PathToVictory+1","BattleHymn","Protect+1"],"picked":"SKIP","floor":18},{"not_picked":["Adaptation","JustLucky"],"picked":"Scrawl+1","floor":19},{"not_picked":["SashWhip+1","LikeWater"],"picked":"SpiritShield+1","floor":19},{"not_picked":["EmptyBody+1","Protect+1"],"picked":"InnerPeace+1","floor":19},{"not_picked":["FollowUp","FlurryOfBlows"],"picked":"Ragnarok","floor":19},{"not_picked":["FearNoEvil","ForeignInfluence+1","Study"],"picked":"SKIP","floor":19},{"not_picked":["CarveReality","Indignation+1","Swivel+1","JustLucky","Halt+1","LikeWater","PathToVictory+1","Prostrate+1","Nirvana","BattleHymn","Study","SandsOfTime","ClearTheMind+1","Fasting2","EmptyBody+1","BowlingBash","Meditate+1","Evaluate+1","EmptyFist"],"picked":"WheelKick","floor":21},{"not_picked":["FlurryOfBlows","Evaluate+1","BattleHymn"],"picked":"SKIP","floor":22},{"not_picked":["FlurryOfBlows","Evaluate+1","BattleHymn"],"picked":"SKIP","floor":22},{"not_picked":["Crescendo+1","Collect+1","WindmillStrike+1"],"picked":"SKIP","floor":24},{"not_picked":["ReachHeaven+1","SashWhip+1","Wireheading"],"picked":"SKIP","floor":28},{"not_picked":["ReachHeaven+1","SashWhip+1","Wireheading"],"picked":"SKIP","floor":28},{"not_picked":["FlurryOfBlows","Crescendo+1","PathToVictory+1"],"picked":"SKIP","floor":29},{"not_picked":["Ragnarok","FollowUp+1","DeceiveReality+1"],"picked":"SKIP","floor":30},{"not_picked":["CutThroughFate","Collect+1","BattleHymn"],"picked":"SKIP","floor":31},{"not_picked":["DevaForm","LessonLearned"],"picked":"Vault+1","floor":33},{"not_picked":["JustLucky","FollowUp","SashWhip"],"picked":"SKIP","floor":35},{"not_picked":["JustLucky","FlurryOfBlows","SignatureMove"],"picked":"SKIP","floor":38},{"not_picked":["PathToVictory+1","Tantrum+1"],"picked":"Sanctity+1","floor":40},{"not_picked":["WindmillStrike","Indignation+1","JustLucky"],"picked":"SKIP","floor":41},{"not_picked":["CutThroughFate","Pray+1"],"picked":"ThirdEye+1","floor":42},{"not_picked":["FlurryOfBlows","Crescendo+1","PathToVictory+1"],"picked":"SKIP","floor":44},{"not_picked":["CutThroughFate","EmptyBody+1","ThirdEye+1"],"picked":"SKIP","floor":45},{"not_picked":["Nirvana","CutThroughFate","SandsOfTime+1"],"picked":"SKIP","floor":45},{"not_picked":["CutThroughFate","EmptyBody+1","ThirdEye+1"],"picked":"SKIP","floor":45},{"not_picked":["Nirvana","CutThroughFate","SandsOfTime+1"],"picked":"SKIP","floor":45},{"not_picked":["InnerPeace+1","Prostrate+1"],"picked":"LikeWater","floor":46},{"not_picked":["MasterReality","Nirvana","TalkToTheHand"],"picked":"SKIP","floor":47},{"not_picked":["WaveOfTheHand+1","ClearTheMind+1","Vengeance+1"],"picked":"CutThroughFate+1","floor":48},{"not_picked":["BattleHymn","Swivel+1","FlurryOfBlows","Halt+1"],"picked":"SKIP","floor":48},{"not_picked":["CrushJoints+1","SashWhip","ClearTheMind+1","Protect+1"],"picked":"SKIP","floor":55}],"player_experience":2639794,"relics_obtained":[{"floor":7,"key":"PreservedInsect"},{"floor":9,"key":"Pear"},{"floor":10,"key":"Toxic Egg 2"},{"floor":12,"key":"Shuriken"},{"floor":24,"key":"Ancient Tea Set"},{"floor":26,"key":"MawBank"},{"floor":28,"key":"Smiling Mask"},{"floor":30,"key":"Bronze Scales"},{"floor":40,"key":"Omamori"},{"floor":40,"key":"Prayer Wheel"},{"floor":41,"key":"Incense Burner"},{"floor":42,"key":"Akabeko"},{"floor":42,"key":"Mercury Hourglass"},{"floor":43,"key":"HornCleat"},{"floor":44,"key":"CeramicFish"},{"floor":44,"key":"MealTicket"},{"floor":46,"key":"Calipers"},{"floor":47,"key":"Question Card"},{"floor":47,"key":"Sundial"},{"floor":55,"key":"Pen Nib"},{"floor":55,"key":"Eternal Feather"}],"event_choices":[{"damage_healed":0,"gold_gain":0,"player_choice":"Ignored","damage_taken":0,"max_hp_gain":0,"max_hp_loss":0,"event_name":"Vampires","floor":20,"gold_loss":0},{"damage_healed":0,"gold_gain":0,"player_choice":"Read","damage_taken":0,"max_hp_gain":0,"max_hp_loss":0,"event_name":"The Library","floor":21,"gold_loss":0,"cards_obtained":["WheelKick"]},{"damage_healed":0,"gold_gain":0,"player_choice":"Ignored","damage_taken":0,"max_hp_gain":0,"max_hp_loss":0,"event_name":"The Mausoleum","floor":25,"gold_loss":0},{"cards_removed":["BattleHymn"],"damage_healed":0,"gold_gain":0,"player_choice":"Removed Power","damage_taken":0,"max_hp_gain":0,"max_hp_loss":0,"event_name":"Falling","floor":37,"gold_loss":0},{"damage_healed":0,"gold_gain":0,"player_choice":"Ignored","damage_taken":0,"max_hp_gain":0,"max_hp_loss":0,"event_name":"Tomb of Lord Red Mask","floor":39,"gold_loss":0},{"damage_healed":0,"gold_gain":0,"player_choice":"Fight","damage_taken":0,"max_hp_gain":0,"max_hp_loss":0,"event_name":"MindBloom","floor":41,"gold_loss":0},{"damage_healed":0,"gold_gain":0,"player_choice":"Fight","damage_taken":0,"max_hp_gain":0,"max_hp_loss":0,"event_name":"Mysterious Sphere","floor":46,"gold_loss":0}],"is_beta":false,"boss_relics":[{"not_picked":["Sozu","SacredBark"],"picked":"Velvet Choker"},{"not_picked":["Runic Dome","Runic Pyramid"],"picked":"Black Star"}],"items_purged_floors":[19,36,54],"is_endless":false,"potions_floor_spawned":[2,3,7,12,16,18,24,33,35,40,44,45,46,48,55],"killed_by":"The Heart","ascension_level":20,"potion_discard_per_floor":[[],[],[],[],[],[],[],[],[],[],[],[],[],[],[],[],[],["FearPotion"],[],[],[],[],[],[],[],[],[],[],[],[],[],[],[],[],[],[],[],[],[],["SteroidPotion"],[],[],[],[],["Fire Potion"],[],[],[],[],[],[],[],[],[],[],[]]}