{"neow_bonuses_skipped_log":["THREE_SMALL_POTIONS","THREE_RARE_CARDS","BOSS_RELIC"],"neow_costs_skipped_log":["NONE","NO_GOLD","NONE"],"potions_obtained_entropic_brew":[[],[],[],[],[],[],[],[],[],[],[],[],[],[],[],[],[],[],[],[],[],[],[],[],[],[],[],[],[],[],[],[],[],[],[],[],[],[],[],[],[],[],[],[],[],[],[],[],[],[],[],[],[],[],[],[],[]],"gold_per_floor":[111,128,128,128,47,79,94,94,94,114,147,147,164,198,198,270,270,283,316,335,207,207,207,225,235,261,287,301,336,336,348,348,425,425,443,100,100,115,130,130,47,72,149,149,162,173,173,207,207,207,207,207,207,157,185,185],"floor_reached":57,"playtime":4925,"items_purged":["Defend_P","ForeignInfluence","CarveReality"],"score":3144,"play_id":"6611b859-333f-44d2-b37b-0b6af7f4ba5d","local_time":"20240820142137","score_breakdown":["Floors Climbed (57): 285","Enemies Slain (16): 32","Exordium Elites Killed (3): 30","City Elites Killed (2): 40","Beyond Elites Killed (2): 60","Bosses Slain (5): 750","Champion (5): 125","Perfect (2): 100","C-c-c-combo: 25","Ascension (20): 1447","Heartbreaker: 250"],"is_ascension_mode":true,"potions_obtained_alchemize":[[],[],[],[],[],[],[],[],[],[],[],[],[],[],[],[],[],[],[],[],[],[],[],[],[],[],[],[],[],[],[],[],[],[],[],[],[],[],[],[],[],[],[],[],[],[],[],[],[],[],[],[],[],[],[],[],[]],"campfire_choices":[{"data":"Eruption","floor":8.0,"key":"SMITH"},{"data":"Crescendo","floor":12.0,"key":"SMITH"},{"data":"EmptyMind","floor":15.0,"key":"SMITH"},{"data":"Halt","floor":23.0,"key":"SMITH"},{"floor":30.0,"key":"REST"},{"floor":32.0,"key":"REST"},{"data":"Meditate","floor":40.0,"key":"SMITH"},{"floor":49.0,"key":"RECALL"},{"data":"Meditate","floor":53.0,"key":"SMITH"}],"lesson_learned_per_floor":[[],[],[],[],[],[],[],[],[],[],[],[],[],[],[],[],[],["DeceiveReality"],[],[],[],[],[],["Wallop"],["Vigilance"],[],["Sanctity"],["MentalFortress"],["Defend_P"],[],[],[],[],[],["BattleHymn"],[],[],["FollowUp"],["Scrawl"],[],[],["Adaptation"],[],[],["ClearTheMind"],["LessonLearned"],[],["SashWhip"],[],["Omniscience"],["MentalFortress"],[],[],[],["Omniscience"],[],[]],"neow_cost":"NONE","improvable_cards":{},"seed_source_timestamp":300752837974300,"shop_contents":[{"floor":3,"relics":["Molten Egg 2","Matryoshka","TheAbacus"],"cards":["CarveReality","LessonLearned","EmptyBody","WreathOfFlame","Devotion","Flash of Steel","Magnetism"],"potions":["Ancient Potion","Ancient Potion","Regen Potion"]},{"floor":5,"relics":["Gremlin Horn","Tiny Chest","ClockworkSouvenir"],"cards":["CrushJoints","SashWhip","Blasphemy","LikeWater","Finesse","Magnetism"],"potions":["Weak Potion","Ambrosia"]},{"floor":21,"relics":["Darkstone Periapt","Bronze Scales","Frozen Eye"],"cards":["Brilliance","Consecrate","Swivel","Perseverance","Study","Bandage Up","HandOfGreed"],"potions":["Strength Potion","Energy Potion"]},{"floor":36,"relics":["GoldenEye","Sling"],"cards":["CarveReality","BowlingBash","Collect","Swivel","Panacea","Panache"],"potions":["Dexterity Potion","Dexterity Potion","SmokeBomb"]},{"floor":41,"relics":["Meat on the Bone","Nunchaku","Chemical X"],"cards":["TalkToTheHand","Conclude","ForeignInfluence","Nirvana","Madness","Magnetism"],"potions":["DistilledChaos","LiquidBronze","Strength Potion"]},{"floor":54,"relics":["Boot","Eternal Feather","Cauldron"],"cards":["BowlingBash","Wallop","Crescendo","Swivel","LikeWater","Purity","Thinking Ahead"],"potions":["Weak Potion","Swift Potion","FearPotion"]}],"circlet_count":0,"master_deck":["AscendersBane","Eruption+1","Vigilance+1","FollowUp+1","DeceiveReality+1","Crescendo+1","EmptyMind+1","Sanctity+1","BattleHymn+1","LessonLearned+1","Wallop+1","Halt+1","MentalFortress+1","TalkToTheHand","ClearTheMind+1","Establishment","SashWhip+1","MentalFortress+1","Omniscience+1","Scrawl+1","Adaptation+1","Omniscience+1","Meditate+1","Wireheading+1","InnerPeace","Meditate+1"],"special_seed":0,"potion_use_per_floor":[[],[],[],[],[],[],[],[],[],[],[],[],[],["SteroidPotion"],[],[],[],[],[],["AttackPotion"],[],[],[],[],[],[],["SteroidPotion"],[],["DistilledChaos"],[],["Regen Potion"],[],[],[],[],[],[],[],["Block Potion"],[],[],[],[],[],[],[],[],[],[],[],[],[],[],[],[],["Ancient Potion","GamblersBrew"],[]],"relics":["PureWater","Mummified Hand","Whetstone","Blue Candle","Sundial","Runic Dome","Red Mask","Ornamental Fan","PreservedInsect","TeardropLocket","Pantograph","Pandora\u0027s Box","Happy Flower","Smiling Mask","Bag of Preparation","Singing Bowl","Pocketwatch"],"potions_floor_usage":[56,56],"damage_taken":[{"damage":0.0,"enemies":"Cultist","floor":1.0,"turns":2.0},{"damage":0.0,"enemies":"2 Louse","floor":2.0,"turns":3.0},{"damage":3.0,"enemies":"Lagavulin","floor":6.0,"turns":7.0},{"damage":0.0,"enemies":"Small Slimes","floor":7.0,"turns":2.0},{"damage":0.0,"enemies":"Looter","floor":10.0,"turns":2.0},{"damage":0.0,"enemies":"Gremlin Nob","floor":11.0,"turns":2.0},{"damage":9.0,"enemies":"Red Slaver","floor":13.0,"turns":2.0},{"damage":0.0,"enemies":"3 Sentries","floor":14.0,"turns":3.0},{"damage":0.0,"enemies":"Slime Boss","floor":16.0,"turns":4.0},{"damage":0.0,"enemies":"Spheric Guardian","floor":18.0,"turns":3.0},{"damage":0.0,"enemies":"Masked Bandits","floor":19.0,"turns":3.0},{"damage":5.0,"enemies":"2 Thieves","floor":20.0,"turns":2.0},{"damage":6.0,"enemies":"Shelled Parasite and Fungi","floor":24.0,"turns":3.0},{"damage":5.0,"enemies":"Centurion and Healer","floor":25.0,"turns":8.0},{"damage":40.0,"enemies":"Gremlin Leader","floor":27.0,"turns":7.0},{"damage":0.0,"enemies":"Snake Plant","floor":28.0,"turns":5.0},{"damage":0.0,"enemies":"Book of Stabbing","floor":29.0,"turns":4.0},{"damage":0.0,"enemies":"Sentry and Sphere","floor":31.0,"turns":5.0},{"damage":49.0,"enemies":"Champ","floor":33.0,"turns":14.0},{"damage":0.0,"enemies":"3 Shapes","floor":35.0,"turns":6.0},{"damage":0.0,"enemies":"3 Darklings","floor":38.0,"turns":3.0},{"damage":0.0,"enemies":"Jaw Worm Horde","floor":39.0,"turns":3.0},{"damage":0.0,"enemies":"Giant Head","floor":42.0,"turns":5.0},{"damage":0.0,"enemies":"4 Shapes","floor":45.0,"turns":2.0},{"damage":0.0,"enemies":"Sphere and 2 Shapes","floor":46.0,"turns":3.0},{"damage":0.0,"enemies":"Nemesis","floor":48.0,"turns":5.0},{"damage":18.0,"enemies":"Time Eater","floor":50.0,"turns":10.0},{"damage":0.0,"enemies":"Donu and Deca","floor":51.0,"turns":8.0},{"damage":5.0,"enemies":"Shield and Spear","floor":55.0,"turns":6.0},{"damage":5,"enemies":"The Heart","floor":56,"turns":10}],"green_key_taken_log":42,"seed_played":"8268161140914559911","neow_bonus_log":{"cardsObtained":["CarveReality"],"cardsUpgraded":[],"cardsRemoved":[],"cardsTransformed":["Defend_P"],"relicsObtained":[],"maxHpGained":0,"goldGained":0,"damageTaken":0,"goldLost":0,"maxHpLost":0},"potions_obtained":[{"floor":6.0,"key":"AttackPotion"},{"floor":20.0,"key":"Weak Potion"},{"floor":28.0,"key":"DistilledChaos"},{"floor":29.0,"key":"Regen Potion"},{"floor":31.0,"key":"Ancient Potion"},{"floor":33.0,"key":"Block Potion"},{"floor":42.0,"key":"GamblersBrew"}],"is_trial":false,"path_per_floor":["M","M","$","?","$","E","M","R","T","M","E","R","M","E","R","B",null,"M","?","M","$","?","R","M","M","T","E","M","E","R","M","R","B",null,"M","$","?","M","M","R","$","E","T","T","M","M","?","E","R","B","B",null,"R","$","E","B",null],"character_chosen":"WATCHER","basemod:card_modifiers":[null,null,null,null,null,null,null,null,null,null,null,null,null,null,null,null,null,null,null,null,null,null,null,null,null,null],"items_purchased":["Crescendo","SteroidPotion","SteroidPotion","Adaptation","Happy Flower","InnerPeace"],"campfire_rested":2,"item_purchase_floors":[5,5,21,36,36,41],"current_hp_per_floor":[61,61,61,61,61,58,58,58,58,58,58,58,49,49,49,49,63,63,63,58,58,58,58,52,47,47,7,7,7,27,41,61,19,56,56,56,56,56,56,56,56,56,56,56,56,56,56,58,58,49,67,67,67,67,64,64],"gold":185,"neow_bonus":"TRANSFORM_CARD","is_prod":false,"is_daily":false,"rewards_skipped":[{"floor":11,"relics":[],"potions":["SneckoOil"]},{"floor":13,"relics":[],"potions":["BottledMiracle"]},{"floor":45,"relics":[],"potions":["CultistPotion"]},{"floor":46,"relics":[],"potions":["LiquidBronze"]},{"floor":48,"relics":[],"potions":["FearPotion"]}],"chose_seed":false,"campfire_upgraded":6,"win_rate":0,"floor_exit_playtime":[48,105,119,125,138,206,233,240,245,286,314,323,360,432,447,519,543,643,725,784,815,823,839,924,1071,1073,1219,1308,1390,1393,1463,1472,1817,1846,1992,2059,2163,2298,2417,2430,2439,2642,2649,2652,2806,3052,3058,3338,3448,3902,4165,4176,4188,4255,4503,4925],"timestamp":1724178097,"blue_key_relic_skipped_log":{"floor":43,"relicID":"InkBottle"},"path_taken":["M","M","?","?","$","E","?","R","T","M","E","R","M","E","R","BOSS","M","?","M","$","?","R","M","M","T","E","M","E","R","M","R","BOSS","M","$","?","?","M","R","?","E","T","?","M","M","?","E","R","BOSS","BOSS","R","$","E","BOSS"],"build_version":"2022-12-18","purchased_purges":3,"victory":true,"max_hp_per_floor":[68,68,68,68,68,68,68,68,68,68,68,68,68,68,68,68,68,68,68,68,68,68,68,68,68,68,68,68,68,68,68,68,68,68,68,68,68,68,68,68,68,68,68,68,68,68,65,67,67,67,67,67,67,67,69,69],"relic_stats":{"Happy Flower":[18],"Singing Bowl":4,"counters":[30,142],"Blue Candle":[0],"PreservedInsect":349,"Bag of Preparation":[14],"Whetstone":["Strike_P","Strike_P"],"Smiling Mask":75,"Mummified Hand":[111],"Sundial":[42],"Ornamental Fan":[328],"Pantograph":39,"Pandora\u0027s Box":["SashWhip","MentalFortress","Omniscience","Scrawl","ForeignInfluence"],"PureWater":[29],"obtain_stats":[{"Happy Flower":36,"Singing Bowl":48,"Blue Candle":11,"PreservedInsect":26,"Bag of Preparation":44,"Whetstone":9,"TeardropLocket":27,"Smiling Mask":42,"Runic Dome":17,"Mummified Hand":6,"Sundial":14,"Ornamental Fan":22,"Pantograph":29,"Pandora\u0027s Box":34,"Red Mask":19,"PureWater":0,"Pocketwatch":55},{"Happy Flower":20,"Singing Bowl":26,"Blue Candle":6,"PreservedInsect":14,"Bag of Preparation":23,"Whetstone":4,"TeardropLocket":15,"Smiling Mask":23,"Runic Dome":9,"Mummified Hand":3,"Sundial":8,"Ornamental Fan":12,"Pantograph":17,"Pandora\u0027s Box":19,"Red Mask":11,"PureWater":0,"Pocketwatch":29},{"Happy Flower":87,"Singing Bowl":108,"Blue Candle":18,"PreservedInsect":46,"Bag of Preparation":98,"Whetstone":14,"TeardropLocket":53,"Smiling Mask":98,"Runic Dome":27,"Mummified Hand":12,"Sundial":23,"Ornamental Fan":35,"Pantograph":62,"Pandora\u0027s Box":81,"Red Mask":33,"PureWater":0,"Pocketwatch":132}],"Pocketwatch":[0]},"card_choices":[{"not_picked":["Prostrate","Sanctity"],"picked":"FollowUp","floor":1.0},{"not_picked":["Prostrate","BowlingBash"],"picked":"DeceiveReality","floor":2.0},{"not_picked":["DeceiveReality","Swivel","Perseverance"],"picked":"SKIP","floor":6.0},{"not_picked":["Worship","Prostrate","Crescendo"],"picked":"SKIP","floor":7.0},{"not_picked":["ForeignInfluence","EmptyBody"],"picked":"EmptyMind","floor":10.0},{"not_picked":["Evaluate","FollowUp"],"picked":"Sanctity","floor":11.0},{"not_picked":["LikeWater","Crescendo","ClearTheMind"],"picked":"SKIP","floor":13.0},{"not_picked":["FollowUp","EmptyBody"],"picked":"BattleHymn","floor":14.0},{"not_picked":["Omniscience","ConjureBlade"],"picked":"LessonLearned","floor":16.0},{"not_picked":["Study+1","WaveOfTheHand"],"picked":"Wallop","floor":18.0},{"not_picked":["EmptyFist","PathToVictory","ClearTheMind"],"picked":"SKIP","floor":19.0},{"not_picked":["EmptyBody","Swivel"],"picked":"Halt","floor":20.0},{"not_picked":["CrushJoints","Evaluate","EmptyFist"],"picked":"SKIP","floor":24.0},{"not_picked":["CrushJoints","Evaluate","EmptyFist"],"picked":"SKIP","floor":24.0},{"not_picked":["CutThroughFate","FlyingSleeves"],"picked":"MentalFortress","floor":25.0},{"not_picked":["BattleHymn","PathToVictory","EmptyFist"],"picked":"SKIP","floor":27.0},{"not_picked":["FollowUp","Collect","BattleHymn"],"picked":"SKIP","floor":28.0},{"not_picked":["Judgement","ThirdEye"],"picked":"TalkToTheHand","floor":29.0},{"not_picked":["Prostrate","PathToVictory"],"picked":"ClearTheMind","floor":31.0},{"not_picked":["DevaForm","Devotion"],"picked":"Establishment","floor":33.0},{"not_picked":["Consecrate+1","ClearTheMind","WindmillStrike"],"picked":"SKIP","floor":35.0},{"not_picked":["Wireheading","CrushJoints"],"picked":"Meditate","floor":38.0},{"not_picked":["Vengeance+1","CrushJoints"],"picked":"Wireheading+1","floor":39.0},{"not_picked":["CutThroughFate","Swivel","Worship"],"picked":"SKIP","floor":42.0},{"not_picked":["FollowUp","Protect","FlyingSleeves+1"],"picked":"SKIP","floor":45.0},{"not_picked":["FlurryOfBlows","BattleHymn"],"picked":"Meditate","floor":46.0},{"not_picked":["BattleHymn","EmptyBody+1","Protect"],"picked":"Singing Bowl","floor":48.0},{"not_picked":["Sanctity","ForeignInfluence","SandsOfTime"],"picked":"Singing Bowl","floor":55.0}],"player_experience":2643371,"relics_obtained":[{"floor":6.0,"key":"Mummified Hand"},{"floor":9.0,"key":"Whetstone"},{"floor":11.0,"key":"Blue Candle"},{"floor":14.0,"key":"Sundial"},{"floor":19.0,"key":"Red Mask"},{"floor":26.0,"key":"PreservedInsect"},{"floor":27.0,"key":"TeardropLocket"},{"floor":29.0,"key":"Pantograph"},{"floor":42.0,"key":"Smiling Mask"},{"floor":44.0,"key":"Bag of Preparation"},{"floor":48.0,"key":"Singing Bowl"},{"floor":55.0,"key":"Pocketwatch"}],"event_choices":[{"cards_removed":["Defend_P"],"damage_healed":0.0,"max_hp_gain":0.0,"max_hp_loss":0.0,"gold_gain":0.0,"event_name":"Purifier","player_choice":"Purged","floor":4.0,"gold_loss":0.0,"damage_taken":0.0},{"damage_healed":0.0,"max_hp_gain":0.0,"max_hp_loss":0.0,"gold_gain":0.0,"event_name":"Masked Bandits","player_choice":"Fought Bandits","floor":19.0,"gold_loss":0.0,"damage_taken":0.0},{"damage_healed":0.0,"max_hp_gain":0.0,"max_hp_loss":0.0,"gold_gain":0.0,"event_name":"WeMeetAgain","player_choice":"Gave Potion","floor":22.0,"gold_loss":0.0,"damage_taken":0.0,"relics_obtained":["Ornamental Fan"]},{"damage_healed":0.0,"max_hp_gain":0.0,"max_hp_loss":0.0,"gold_gain":0.0,"event_name":"Duplicator","player_choice":"Copied","floor":37.0,"gold_loss":0.0,"damage_taken":0.0,"cards_obtained":["Omniscience"]},{"damage_healed":0.0,"max_hp_gain":0.0,"max_hp_loss":3.0,"gold_gain":0.0,"event_name":"Winding Halls","player_choice":"Max HP","floor":47.0,"gold_loss":0.0,"damage_taken":0.0}],"is_beta":false,"boss_relics":[{"not_picked":["Busted Crown","Snecko Eye"],"picked":"Runic Dome"},{"not_picked":["HolyWater","Velvet Choker"],"picked":"Pandora\u0027s Box"}],"items_purged_floors":[21,36,54],"is_endless":false,"potions_floor_spawned":[6,11,13,20,28,29,31,33,42,45,46,48],"ascension_level":20,"potion_discard_per_floor":[[],[],[],[],[],[],[],[],[],[],[],[],[],[],[],[],[],[],[],[],[],[],[],[],[],[],[],[],[],[],[],[],[],[],[],[],[],[],[],[],[],[],[],[],[],[],[],[],[],[],[],[],[],[],[],[],[]]}