{"neow_bonuses_skipped_log":["ONE_RANDOM_RARE_CARD","TEN_PERCENT_HP_BONUS","RANDOM_COLORLESS_2"],"neow_costs_skipped_log":["NONE","NONE","PERCENT_DAMAGE"],"potions_obtained_entropic_brew":[[],[],[],[],[],[],[],[],[],[],[],[],[],[],[],[],[],[],[],[],[],[],[],[],[],[],[],[],[],[],[],[],[],[],[],[],[],[],[],[],[],[],[],[],[],[],[],[],[],[],[]],"gold_per_floor":[115,115,125,42,56,56,86,86,86,103,28,43,69,69,69,140,140,152,152,168,1,1,1,27,27,51,80,5,44,44,53,53,138,138,158,2,2,17,36,36,73,73,155,196,196,207,207,226,226,226,226],"floor_reached":51,"playtime":2388,"items_purged":["Defend_P","Strike_P"],"score":1588,"play_id":"3946d7c1-7cec-4aba-bc0d-5bdef8e785ee","local_time":"20240821013451","falling_options_log":["CutThroughFate+1","Swivel"],"score_breakdown":["Floors Climbed (51): 255","Enemies Slain (12): 24","Exordium Elites Killed (2): 20","City Elites Killed (3): 60","Beyond Elites Killed (2): 60","Bosses Slain (3): 300","Champion (2): 50","Overkill: 25","Ascension (20): 794"],"is_ascension_mode":true,"potions_obtained_alchemize":[[],[],[],[],[],[],[],[],[],[],[],[],[],[],[],[],[],[],[],[],[],[],[],[],[],[],[],[],[],[],[],[],[],[],[],[],[],[],[],[],[],[],[],[],[],[],[],[],[],[],[]],"campfire_choices":[{"data":"Eruption","floor":6.0,"key":"SMITH"},{"data":"CutThroughFate","floor":8.0,"key":"SMITH"},{"data":"EmptyFist","floor":15.0,"key":"SMITH"},{"data":"ThirdEye","floor":23,"key":"SMITH"},{"data":"Crescendo","floor":25,"key":"SMITH"},{"data":"Meditate","floor":30,"key":"SMITH"},{"data":"ThirdEye","floor":32,"key":"SMITH"},{"data":"Fasting2","floor":40,"key":"SMITH"},{"data":"Scrawl","floor":42,"key":"SMITH"},{"floor":49,"key":"RECALL"}],"lesson_learned_per_floor":[[],[],[],[],[],[],[],[],[],[],[],[],[],[],[],[],[],[],[],[],[],[],[],[],[],[],[],[],[],[],[],[],[],[],[],[],[],[],[],[],[],[],[],[],[],[],[],[],[],[],[]],"neow_cost":"NONE","improvable_cards":{},"seed_source_timestamp":347610801726200,"shop_contents":[{"floor":4,"relics":["Juzu Bracelet","Tiny Chest","Chemical X"],"cards":["LessonLearned","DeceiveReality","Protect","Study","Panacea","Panache"],"potions":["SteroidPotion","SteroidPotion"]},{"floor":21,"relics":["Shuriken","Happy Flower"],"cards":["TalkToTheHand","SashWhip","Vengeance","Crescendo","Nirvana","Mind Blast","Panache"],"potions":["AttackPotion","SkillPotion","Block Potion"]},{"floor":28,"relics":["Bottled Flame","Toxic Egg 2","ClockworkSouvenir"],"cards":["FlurryOfBlows","CarveReality","Perseverance","Prostrate","BattleHymn","Deep Breath","Master of Strategy"],"potions":["SteroidPotion","BlessingOfTheForge","Ancient Potion"]},{"floor":36,"relics":["Sundial","Boot","Membership Card"],"cards":["SandsOfTime","EmptyFist","Worship","ThirdEye","Fasting2","PanicButton","HandOfGreed"],"potions":["DuplicationPotion","Strength Potion"]}],"circlet_count":0,"master_deck":["AscendersBane","Strike_P","Defend_P","Eruption+1","Vigilance","SashWhip","Crescendo+1","FlurryOfBlows","CutThroughFate+1","ThirdEye+1","EmptyFist+1","CrushJoints","InnerPeace","Swivel","Wallop","ForeignInfluence+1","FearNoEvil","ThirdEye+1","Meditate+1","FearNoEvil","Scrawl+1","Fasting2+1","Tantrum","CutThroughFate+1"],"special_seed":0,"potion_use_per_floor":[[],[],[],[],[],[],["Fire Potion","SteroidPotion"],[],[],[],[],[],[],[],[],[],[],[],[],["Fruit Juice"],[],[],[],[],[],[],[],[],[],[],[],[],["BottledMiracle","BottledMiracle"],[],[],[],[],[],[],[],["Swift Potion"],[],[],[],[],[],[],[],[],["AttackPotion"],[]],"relics":["Cursed Key","Darkstone Periapt","Oddly Smooth Stone","Strawberry","Pen Nib","Black Star","Sling","Dream Catcher","Omamori","Vajra","Bag of Preparation","Ice Cream","CeramicFish","Nunchaku","Philosopher\u0027s Stone","Ornamental Fan","StrikeDummy","Yang","Orichalcum"],"potions_floor_usage":[20,33,33,41,50],"damage_taken":[{"damage":0.0,"enemies":"2 Louse","floor":1.0,"turns":3.0},{"damage":2.0,"enemies":"Small Slimes","floor":3.0,"turns":2.0},{"damage":7.0,"enemies":"Cultist","floor":5.0,"turns":3.0},{"damage":10.0,"enemies":"3 Sentries","floor":7.0,"turns":5.0},{"damage":0.0,"enemies":"2 Fungi Beasts","floor":10.0,"turns":2.0},{"damage":4.0,"enemies":"3 Louse","floor":12.0,"turns":2.0},{"damage":3.0,"enemies":"Lagavulin","floor":13.0,"turns":6.0},{"damage":20,"enemies":"Hexaghost","floor":16,"turns":8},{"damage":0,"enemies":"Spheric Guardian","floor":18,"turns":3},{"damage":11,"enemies":"Shell Parasite","floor":20,"turns":3},{"damage":13,"enemies":"Slavers","floor":24,"turns":4},{"damage":16,"enemies":"Book of Stabbing","floor":27,"turns":3},{"damage":0,"enemies":"Slavers","floor":29,"turns":2},{"damage":24,"enemies":"Collector","floor":33,"turns":6},{"damage":2,"enemies":"3 Shapes","floor":35,"turns":2},{"damage":3,"enemies":"Orb Walker","floor":38,"turns":2},{"damage":0,"enemies":"Sphere and 2 Shapes","floor":39,"turns":4},{"damage":18,"enemies":"Nemesis","floor":41,"turns":3},{"damage":0,"enemies":"Giant Head","floor":44,"turns":3},{"damage":4,"enemies":"Maw","floor":46,"turns":3},{"damage":0,"enemies":"Spire Growth","floor":48,"turns":2},{"damage":34,"enemies":"Awakened One","floor":50,"turns":7},{"damage":34,"enemies":"Time Eater","floor":51,"turns":2}],"green_key_taken_log":27,"seed_played":"8097004188754803628","neow_bonus_log":{"cardsObtained":[],"cardsUpgraded":[],"cardsRemoved":[],"cardsTransformed":[],"relicsObtained":["Cursed Key"],"maxHpGained":0,"goldGained":0,"damageTaken":0,"goldLost":0,"maxHpLost":0},"potions_obtained":[{"floor":1.0,"key":"Dexterity Potion"},{"floor":3.0,"key":"Fire Potion"},{"floor":7.0,"key":"Fruit Juice"},{"floor":13.0,"key":"BottledMiracle"},{"floor":20,"key":"SmokeBomb"},{"floor":27,"key":"BottledMiracle"},{"floor":38,"key":"LiquidBronze"},{"floor":46,"key":"AttackPotion"}],"is_trial":false,"path_per_floor":["M","?","M","$","M","R","E","R","T","M","?","M","E","?","R","B",null,"M","?","M","$","?","R","E","R","T","E","$","E","R","?","R","B",null,"M","$","?","M","M","R","E","R","T","E","?","M","T","M","R","B","B"],"character_chosen":"WATCHER","basemod:card_modifiers":[null,null,null,null,null,null,null,null,null,null,null,null,null,null,null,null,null,null,null,null,null,null,null,null],"items_purchased":["SteroidPotion","FlurryOfBlows","Sling","Swift Potion"],"campfire_rested":0,"item_purchase_floors":[4,4,21,36],"current_hp_per_floor":[61,43,41,41,34,34,24,24,37,37,37,33,30,30,30,10,63,63,63,57,57,57,57,44,44,44,28,28,28,28,28,28,4,66,64,64,64,61,61,61,43,43,43,43,71,67,67,67,67,33,0],"gold":226,"neow_bonus":"BOSS_RELIC","is_prod":false,"is_daily":false,"rewards_skipped":[{"floor":39,"relics":[],"potions":["Swift Potion"]}],"chose_seed":false,"campfire_upgraded":9,"win_rate":0,"floor_exit_playtime":[323,327,350,365,395,401,462,467,474,494,502,632,705,715,723,836,859,904,912,967,984,987,1004,1082,1093,1101,1180,1194,1239,1244,1254,1262,1448,1493,1575,1600,1606,1653,1743,1749,1860,1872,1877,1988,2002,2082,2085,2128,2130,2306],"timestamp":1724218491,"blue_key_relic_skipped_log":{"floor":43,"relicID":"Bottled Lightning"},"path_taken":["M","?","M","$","M","R","E","R","T","M","?","M","E","?","R","BOSS","M","?","M","$","?","R","E","R","T","E","$","E","R","?","R","BOSS","M","?","?","M","M","R","E","R","T","E","?","M","?","M","R","BOSS","BOSS"],"build_version":"2022-12-18","purchased_purges":2,"victory":false,"max_hp_per_floor":[68,68,68,68,68,68,68,68,81,81,81,81,81,81,81,81,81,81,81,86,86,86,86,86,86,86,86,86,86,86,86,86,86,86,86,86,86,86,86,86,86,86,86,86,71,71,71,71,71,71,71],"relic_stats":{"Darkstone Periapt":6,"Ice Cream":[16],"counters":[23,80],"CeramicFish":54,"Yang":[69],"Pen Nib":[21],"Omamori":2,"Bag of Preparation":[22],"Orichalcum":[0],"Cursed Key":3,"Dream Catcher":0,"Nunchaku":[14],"Ornamental Fan":[76],"Black Star":5,"obtain_stats":[{"Darkstone Periapt":2,"Ice Cream":27,"CeramicFish":29,"Oddly Smooth Stone":7,"Vajra":26,"Yang":44,"Pen Nib":13,"Omamori":24,"Bag of Preparation":27,"Orichalcum":44,"Cursed Key":0,"Sling":21,"Dream Catcher":24,"Nunchaku":29,"Ornamental Fan":41,"Strawberry":9,"Philosopher\u0027s Stone":34,"Black Star":17,"PureWater":0,"StrikeDummy":41},{"Darkstone Periapt":1,"Ice Cream":12,"CeramicFish":13,"Oddly Smooth Stone":4,"Vajra":11,"Yang":19,"Pen Nib":7,"Omamori":11,"Bag of Preparation":12,"Orichalcum":19,"Cursed Key":0,"Sling":10,"Dream Catcher":11,"Nunchaku":13,"Ornamental Fan":18,"Strawberry":4,"Philosopher\u0027s Stone":14,"Black Star":8,"PureWater":0,"StrikeDummy":18},{"Darkstone Periapt":3,"Ice Cream":44,"CeramicFish":46,"Oddly Smooth Stone":13,"Vajra":41,"Yang":66,"Pen Nib":23,"Omamori":41,"Bag of Preparation":44,"Orichalcum":66,"Cursed Key":0,"Sling":37,"Dream Catcher":41,"Nunchaku":46,"Ornamental Fan":63,"Strawberry":13,"Philosopher\u0027s Stone":52,"Black Star":31,"PureWater":0,"StrikeDummy":63}]},"card_choices":[{"not_picked":["WaveOfTheHand","Worship"],"picked":"SashWhip","floor":1.0},{"not_picked":["EmptyMind","SashWhip"],"picked":"Crescendo","floor":3.0},{"not_picked":["EmptyBody","FollowUp"],"picked":"CutThroughFate","floor":5.0},{"not_picked":["PathToVictory","Perseverance","Worship"],"picked":"SKIP","floor":7.0},{"not_picked":["Evaluate","Fasting2"],"picked":"ThirdEye","floor":10.0},{"not_picked":["Devotion","Swivel"],"picked":"BattleHymn","floor":12.0},{"not_picked":["EmptyBody","SandsOfTime"],"picked":"EmptyFist","floor":13.0},{"not_picked":["Brilliance","Devotion","Omniscience"],"picked":"SKIP","floor":16},{"not_picked":["ThirdEye","JustLucky"],"picked":"InnerPeace","floor":18},{"not_picked":["Pray","EmptyFist"],"picked":"ForeignInfluence+1","floor":20},{"not_picked":["BowlingBash","Study"],"picked":"FearNoEvil","floor":24},{"not_picked":["Halt","WreathOfFlame"],"picked":"ThirdEye","floor":27},{"not_picked":["Consecrate","Worship"],"picked":"Meditate","floor":29},{"not_picked":["Wish","Blasphemy"],"picked":"Scrawl","floor":33},{"not_picked":["Halt","Study"],"picked":"Fasting2","floor":35},{"not_picked":["PathToVictory","Nirvana","Prostrate"],"picked":"SKIP","floor":38},{"not_picked":["CrushJoints","Blasphemy","FlyingSleeves"],"picked":"SKIP","floor":39},{"not_picked":["Consecrate","FlyingSleeves"],"picked":"Tantrum","floor":41},{"not_picked":["ThirdEye","FearNoEvil+1"],"picked":"CutThroughFate+1","floor":44},{"not_picked":["BowlingBash","DeceiveReality","WreathOfFlame"],"picked":"SKIP","floor":46},{"not_picked":["SashWhip+1","ForeignInfluence+1","EmptyFist"],"picked":"SKIP","floor":48}],"player_experience":2660855,"relics_obtained":[{"floor":7.0,"key":"Oddly Smooth Stone"},{"floor":9.0,"key":"Strawberry"},{"floor":13.0,"key":"Pen Nib"},{"floor":24,"key":"Dream Catcher"},{"floor":24,"key":"Omamori"},{"floor":26,"key":"Vajra"},{"floor":27,"key":"Bag of Preparation"},{"floor":27,"key":"Ice Cream"},{"floor":29,"key":"CeramicFish"},{"floor":29,"key":"Nunchaku"},{"floor":41,"key":"Ornamental Fan"},{"floor":41,"key":"StrikeDummy"},{"floor":44,"key":"Yang"},{"floor":44,"key":"Orichalcum"}],"event_choices":[{"damage_healed":0.0,"max_hp_gain":0.0,"max_hp_loss":0.0,"gold_gain":0.0,"event_name":"Scrap Ooze","player_choice":"Success","floor":2.0,"gold_loss":0.0,"damage_taken":18.0,"relics_obtained":["Darkstone Periapt"]},{"cards_removed":["Normality"],"damage_healed":0.0,"max_hp_gain":0.0,"max_hp_loss":0.0,"gold_gain":0.0,"event_name":"The Cleric","player_choice":"Card Removal","floor":11.0,"gold_loss":75.0,"damage_taken":0.0},{"damage_healed":0.0,"max_hp_gain":0.0,"max_hp_loss":0.0,"gold_gain":0.0,"cards_transformed":["Defend_P"],"event_name":"Living Wall","player_choice":"Change","floor":14.0,"gold_loss":0.0,"damage_taken":0.0,"cards_obtained":["CrushJoints"]},{"damage_healed":0,"gold_gain":0,"cards_transformed":["Defend_P","Strike_P"],"player_choice":"Became Test Subject","damage_taken":0,"max_hp_gain":0,"max_hp_loss":0,"event_name":"Drug Dealer","floor":19,"gold_loss":0,"cards_obtained":["Swivel","Wallop"]},{"damage_healed":0,"gold_gain":0,"player_choice":"Ignored","damage_taken":0,"max_hp_gain":0,"max_hp_loss":0,"event_name":"Ghosts","floor":22,"gold_loss":0},{"damage_healed":0,"gold_gain":0,"cards_transformed":["Strike_P"],"player_choice":"Transformed","damage_taken":0,"max_hp_gain":0,"max_hp_loss":0,"event_name":"Transmorgrifier","floor":31,"gold_loss":0,"cards_obtained":["FearNoEvil"]},{"cards_removed":["BattleHymn"],"damage_healed":0,"gold_gain":0,"player_choice":"Removed Power","damage_taken":0,"max_hp_gain":0,"max_hp_loss":0,"event_name":"Falling","floor":37,"gold_loss":0},{"damage_healed":71,"gold_gain":0,"player_choice":"Heal","damage_taken":0,"max_hp_gain":0,"max_hp_loss":15,"event_name":"The Moai Head","floor":45,"gold_loss":0}],"is_beta":false,"boss_relics":[{"not_picked":["Coffee Dripper","Fusion Hammer"],"picked":"Black Star"},{"not_picked":["Calling Bell","Pandora\u0027s Box"],"picked":"Philosopher\u0027s Stone"}],"items_purged_floors":[28,36],"is_endless":false,"potions_floor_spawned":[1,3,7,13,20,27,38,39,46],"killed_by":"Time Eater","ascension_level":20,"potion_discard_per_floor":[[],[],[],["Dexterity Potion"],[],[],[],[],[],[],[],[],[],[],[],[],[],[],[],[],[],[],[],[],[],[],["SmokeBomb"],[],[],[],[],[],[],[],[],[],[],[],[],[],[],[],[],[],[],[],[],[],[],[],[]]}