{"neow_bonuses_skipped_log":["TRANSFORM_CARD","RANDOM_COLORLESS_2","BOSS_RELIC"],"neow_costs_skipped_log":["NONE","PERCENT_DAMAGE","NONE"],"potions_obtained_entropic_brew":[[],[],[],[],[],[],[],[],[],[],[],[],[],[],[],[]],"gold_per_floor":[109,120,45,61,61,61,88,160,160,180,180,196,196,228,228,228],"floor_reached":16,"playtime":505,"items_purged":[],"score":270,"play_id":"9f41df4e-4b54-411e-a1fa-3f1356f634c9","local_time":"20240920162108","score_breakdown":["Floors Climbed (16): 80","Enemies Slain (5): 10","Exordium Elites Killed (2): 20","Bosses Slain (0): 0","Champion (1): 25","Ascension (20): 135"],"is_ascension_mode":true,"potions_obtained_alchemize":[[],[],[],[],[],[],[],[],[],[],[],[],[],[],[],[]],"campfire_choices":[{"data":"Eruption","floor":6,"key":"SMITH"},{"floor":11,"key":"REST"},{"floor":13,"key":"REST"},{"data":"Prostrate","floor":15,"key":"SMITH"}],"lesson_learned_per_floor":[[],[],[],[],[],[],[],[],[],[],[],[],[],[],[],[]],"neow_cost":"NONE","improvable_cards":{},"seed_source_timestamp":731514540645500,"shop_contents":[],"circlet_count":0,"master_deck":["AscendersBane","Strike_P","Strike_P","Strike_P","Strike_P","Defend_P","Defend_P","Defend_P","Eruption+1","Vigilance","Prostrate+1","Pray","FlurryOfBlows","Conclude","ReachHeaven","FlyingSleeves","Wallop"],"potion_use_per_floor":[[],[],[],[],[],[],[],[],[],["DuplicationPotion"],[],[],[],["SneckoOil"],[],["SpeedPotion"]],"relics":["PureWater","Damaru","Pen Nib","The Courier","Potion Belt"],"potions_floor_usage":[10,14,16],"damage_taken":[{"damage":1,"enemies":"Small Slimes","floor":1,"turns":4},{"damage":0,"enemies":"Jaw Worm","floor":2,"turns":5},{"damage":10,"enemies":"2 Louse","floor":4,"turns":3},{"damage":47,"enemies":"3 Sentries","floor":7,"turns":10},{"damage":2,"enemies":"Gremlin Gang","floor":10,"turns":2},{"damage":8,"enemies":"Blue Slaver","floor":12,"turns":2},{"damage":0,"enemies":"Gremlin Nob","floor":14,"turns":2},{"damage":45,"enemies":"The Guardian","floor":16,"turns":5}],"seed_played":"5380210113982065301","neow_bonus_log":{"cardsObtained":[],"cardsUpgraded":[],"cardsRemoved":[],"cardsTransformed":[],"relicsObtained":["Damaru"],"maxHpGained":0,"goldGained":0,"damageTaken":0,"goldLost":0,"maxHpLost":0},"potions_obtained":[{"floor":2,"key":"DuplicationPotion"},{"floor":7,"key":"SpeedPotion"},{"floor":12,"key":"SneckoOil"}],"is_trial":false,"path_per_floor":["M","M","?","M","?","R","E","?","T","M","R","M","R","E","R","B"],"character_chosen":"WATCHER","basemod:card_modifiers":[null,null,null,null,null,null,null,null,null,null,null,null,null,null,null,null,null],"items_purchased":[],"campfire_rested":2,"item_purchase_floors":[],"current_hp_per_floor":[60,60,60,50,50,50,3,3,3,1,21,13,33,33,33,0],"gold":228,"neow_bonus":"RANDOM_COMMON_RELIC","is_prod":false,"is_daily":false,"rewards_skipped":[],"chose_seed":false,"campfire_upgraded":2,"win_rate":0,"floor_exit_playtime":[62,104,110,169,174,181,309,314,317,372,377,402,404,438,447],"timestamp":1726863668,"path_taken":["M","M","?","M","?","R","E","?","T","M","R","M","R","E","R","BOSS"],"build_version":"2022-12-18","purchased_purges":0,"victory":false,"max_hp_per_floor":[68,68,68,68,68,68,68,68,68,68,68,68,68,68,68,68],"relic_stats":{"counters":[8,33],"Pen Nib":[2],"The Courier":0,"PureWater":[4],"obtain_stats":[{"Potion Belt":14,"Damaru":0,"Pen Nib":7,"The Courier":9,"PureWater":0},{"Potion Belt":7,"Damaru":0,"Pen Nib":4,"The Courier":4,"PureWater":0},{"Potion Belt":28,"Damaru":0,"Pen Nib":22,"The Courier":22,"PureWater":0}]},"card_choices":[{"not_picked":["Consecrate","ThirdEye"],"picked":"Prostrate","floor":1},{"not_picked":["DeceiveReality","FollowUp"],"picked":"Pray","floor":2},{"not_picked":["Prostrate","EmptyFist"],"picked":"FlurryOfBlows","floor":4},{"not_picked":["SignatureMove","WheelKick"],"picked":"Conclude","floor":7},{"not_picked":["WaveOfTheHand","SashWhip"],"picked":"ReachHeaven","floor":10},{"not_picked":["Halt","SashWhip"],"picked":"FlyingSleeves","floor":12},{"not_picked":["EmptyBody","TalkToTheHand"],"picked":"Wallop","floor":14}],"player_experience":2717803,"relics_obtained":[{"floor":7,"key":"Pen Nib"},{"floor":9,"key":"The Courier"},{"floor":14,"key":"Potion Belt"}],"event_choices":[{"cards_removed":["Defend_P"],"damage_healed":0,"gold_gain":0,"player_choice":"Card Removal","damage_taken":0,"max_hp_gain":0,"max_hp_loss":0,"event_name":"The Cleric","floor":3,"gold_loss":75},{"damage_healed":0,"gold_gain":0,"player_choice":"Ignored","damage_taken":0,"max_hp_gain":0,"max_hp_loss":0,"event_name":"Liars Game","floor":5,"gold_loss":0},{"damage_healed":0,"gold_gain":72,"player_choice":"Gained Gold","damage_taken":0,"max_hp_gain":0,"max_hp_loss":0,"event_name":"Golden Wing","floor":8,"gold_loss":0}],"is_beta":false,"boss_relics":[],"items_purged_floors":[],"is_endless":false,"potions_floor_spawned":[2,7,12],"killed_by":"The Guardian","ascension_level":20,"potion_discard_per_floor":[[],[],[],[],[],[],[],[],[],[],[],[],[],[],[],[]]}