{"neow_bonuses_skipped_log":["REMOVE_CARD","TEN_PERCENT_HP_BONUS","BOSS_RELIC"],"potions_obtained_entropic_brew":[[],[],[],[],[],[],[],[],[],[],[],[],[],[],[],[],[],[],[],[],[],[],[],[],[],[],[],[],[],[],[],[],[],[],[],[],[],[],[],[],[],[],[],[],[],[],[],[],[],[],[],[],[],[],[],["SmokeBomb","PowerPotion","AttackPotion"]],"neow_costs_skipped_log":["NONE","NONE","NONE"],"gold_per_floor":[156,186,57,108,162,215,227,287,344,356,414,426,449,477,489,620,632,683,734,356,356,406,436,472,472,546,600,600,600,600,651,651,744,744,778,778,371,382,417,471,121,167,167,167,177,189,189,261,261,301,341,341,341,22,90,90],"floor_reached":56,"playtime":3654,"items_purged":["Defend_P","Strike_P+1","Strike_P+1","Strike_P+1"],"score":2184,"play_id":"a1cfae91-96c4-4de9-8776-2a9ba80767ba","local_time":"20241017152442","score_breakdown":["Floors Climbed (56): 280","Enemies Slain (16): 32","Exordium Elites Killed (3): 30","City Elites Killed (2): 40","Beyond Elites Killed (2): 60","Bosses Slain (4): 500","Money Money (1646): 25","Well Fed: 25","Champion (3): 75","Perfect (1): 50","Ascension (20): 1067"],"is_ascension_mode":true,"potions_obtained_alchemize":[[],[],[],[],[],[],[],[],[],[],[],[],[],[],[],[],[],[],[],[],[],[],[],[],[],[],[],[],[],[],[],[],[],[],[],[],[],[],[],[],[],[],[],[],[],[],[],[],[],[],[],[],[],[],[],[]],"campfire_choices":[{"data":"Eruption","floor":10,"key":"SMITH"},{"data":"Conclude","floor":15,"key":"SMITH"},{"floor":25,"key":"REST"},{"floor":29,"key":"REST"},{"data":"ThirdEye","floor":32,"key":"SMITH"},{"floor":47,"key":"REST"},{"floor":49,"key":"RECALL"},{"floor":53,"key":"REST"}],"lesson_learned_per_floor":[[],[],[],[],[],[],[],[],[],[],[],[],[],[],[],[],[],[],[],[],[],[],[],[],[],[],[],[],[],[],[],[],[],[],[],[],[],[],[],[],[],[],[],[],[],[],[],[],[],[],[],[],[],[],[],[]],"neow_cost":"TEN_PERCENT_HP_LOSS","improvable_cards":{},"seed_source_timestamp":566502999912600,"shop_contents":[{"floor":3,"relics":["HornCleat","Meat on the Bone","Membership Card"],"cards":["CutThroughFate","DeceiveReality","Wireheading","Blind","Violence"],"potions":["StancePotion","SpeedPotion","FearPotion"]},{"floor":12,"relics":["CeramicFish","Strawberry","Lee\u0027s Waffle"],"cards":["FlurryOfBlows","CutThroughFate","Alpha","Protect","DevaForm","Deep Breath","HandOfGreed"],"potions":["BottledMiracle","Block Potion","Fire Potion"]},{"floor":20,"relics":["Thread and Needle","HandDrill"],"cards":["ReachHeaven","Consecrate","Crescendo","Wireheading","PanicButton","Secret Weapon"],"potions":["BlessingOfTheForge"]},{"floor":37,"relics":["Darkstone Periapt","Regal Pillow","Cauldron"],"cards":["EmptyFist+1","Evaluate+1","Perseverance+1","BattleHymn","Panacea+1","Sadistic Nature"],"potions":["SpeedPotion"]},{"floor":41,"relics":["FossilizedHelix","PrismaticShard"],"cards":["CrushJoints+1","CarveReality+1","Protect+1","Wireheading","Blind+1","Panache"],"potions":["Strength Potion","Regen Potion","DistilledChaos"]},{"floor":54,"relics":["Bird Faced Urn","TheAbacus"],"cards":["EmptyFist+1","BowlingBash+1","Protect+1","Crescendo+1","Study","Madness+1","Magnetism"],"potions":["BottledMiracle","SneckoOil","ColorlessPotion"]}],"circlet_count":0,"master_deck":["AscendersBane","Defend_P+1","Defend_P+1","Eruption+1","Vigilance","HandOfGreed","CutThroughFate","Crescendo","InnerPeace","Conclude+1","CarveReality+1","FlurryOfBlows","Wallop","Adaptation","DeusExMachina","Vault","ThirdEye+1","Wireheading","EmptyMind","Necronomicurse","ClearTheMind+1","MentalFortress+1","Crescendo+1","Study","Halt+1","Omniscience+1","Tantrum+1","ThirdEye+1","Vault+1","EmptyBody+1","CutThroughFate+1","Wish+1"],"potion_use_per_floor":[[],[],[],[],[],[],[],[],[],[],["Dexterity Potion"],[],[],[],[],[],[],["BlessingOfTheForge"],[],[],[],[],["BlessingOfTheForge","SteroidPotion"],[],[],[],["DistilledChaos","Explosive Potion"],[],[],[],[],[],[],[],["SpeedPotion"],[],["Fruit Juice"],[],[],[],[],[],[],[],[],[],[],[],[],[],[],[],[],[],[],["FearPotion","Energy Potion","EntropicBrew","PowerPotion","AttackPotion"]],"relics":["PureWater","MawBank","Singing Bowl","Potion Belt","Art of War","Runic Pyramid","Whetstone","Necronomicon","Toxic Egg 2","Molten Egg 2","Shuriken","Fusion Hammer","Gremlin Horn","Vajra","Bronze Scales","Mango","Bag of Preparation","Lantern"],"potions_floor_usage":[11,18,23,23,27,27,35,37,56,56,56,56,56],"damage_taken":[{"damage":0,"enemies":"2 Louse","floor":1,"turns":4},{"damage":1,"enemies":"Cultist","floor":2,"turns":4},{"damage":1,"enemies":"Small Slimes","floor":4,"turns":4},{"damage":1,"enemies":"3 Louse","floor":5,"turns":4},{"damage":0,"enemies":"Lagavulin","floor":6,"turns":4},{"damage":0,"enemies":"Gremlin Nob","floor":8,"turns":3},{"damage":6,"enemies":"Lagavulin","floor":11,"turns":4},{"damage":2,"enemies":"Looter","floor":13,"turns":4},{"damage":9,"enemies":"Red Slaver","floor":14,"turns":2},{"damage":0,"enemies":"Slime Boss","floor":16,"turns":9},{"damage":0,"enemies":"2 Thieves","floor":18,"turns":3},{"damage":2,"enemies":"Chosen","floor":19,"turns":4},{"damage":0,"enemies":"3 Cultists","floor":22,"turns":5},{"damage":12,"enemies":"Book of Stabbing","floor":23,"turns":4},{"damage":12,"enemies":"Snake Plant","floor":24,"turns":3},{"damage":28,"enemies":"Slavers","floor":27,"turns":3},{"damage":2,"enemies":"Centurion and Healer","floor":31,"turns":5},{"damage":12,"enemies":"Champ","floor":33,"turns":9},{"damage":9,"enemies":"3 Darklings","floor":35,"turns":5},{"damage":0,"enemies":"Orb Walker","floor":38,"turns":2},{"damage":5,"enemies":"Sphere and 2 Shapes","floor":39,"turns":4},{"damage":24,"enemies":"Reptomancer","floor":40,"turns":5},{"damage":0,"enemies":"Nemesis","floor":42,"turns":6},{"damage":0,"enemies":"Transient","floor":45,"turns":7},{"damage":0,"enemies":"Maw","floor":46,"turns":5},{"damage":0,"enemies":"2 Orb Walkers","floor":48,"turns":4},{"damage":1,"enemies":"Donu and Deca","floor":50,"turns":8},{"damage":31,"enemies":"Awakened One","floor":51,"turns":10},{"damage":10,"enemies":"Shield and Spear","floor":55,"turns":7},{"damage":90,"enemies":"The Heart","floor":56,"turns":3}],"green_key_taken_log":23,"seed_played":"7156407798283526669","neow_bonus_log":{"cardsObtained":[],"cardsUpgraded":[],"cardsRemoved":[],"cardsTransformed":[],"relicsObtained":[],"maxHpGained":0,"goldGained":0,"damageTaken":0,"goldLost":0,"maxHpLost":6},"potions_obtained":[{"floor":2,"key":"DistilledChaos"},{"floor":4,"key":"Dexterity Potion"},{"floor":11,"key":"BlessingOfTheForge"},{"floor":22,"key":"BlessingOfTheForge"},{"floor":27,"key":"SpeedPotion"},{"floor":31,"key":"SmokeBomb"},{"floor":35,"key":"Strength Potion"},{"floor":40,"key":"SteroidPotion"},{"floor":42,"key":"FearPotion"},{"floor":44,"key":"Energy Potion"}],"is_trial":false,"path_per_floor":["M","M","$","M","M","E","?","E","T","R","E","$","M","M","R","B",null,"M","M","$","?","M","E","M","R","T","E","?","R","?","M","R","B",null,"M","?","$","M","M","E","$","E","T","?","M","M","R","?","R","B","B",null,"R","$","E","B"],"character_chosen":"WATCHER","basemod:card_modifiers":[null,null,null,null,null,null,null,null,null,null,null,null,null,null,null,null,null,null,null,null,null,null,null,null,null,null,null,null,null,null,null,null],"items_purchased":["InnerPeace","Conclude","EmptyMind","SteroidPotion","Explosive Potion","Whetstone","Tantrum+1","Fruit Juice","EntropicBrew","EmptyBody+1","Vajra","Bag of Preparation"],"campfire_rested":4,"item_purchase_floors":[3,3,20,20,20,20,37,37,37,41,41,54],"current_hp_per_floor":[61,60,60,59,58,58,58,60,60,60,54,54,52,45,45,45,61,61,59,59,38,40,28,18,39,39,11,11,32,32,30,30,18,57,50,50,55,55,52,28,28,30,30,30,32,34,59,73,73,72,41,85,99,99,89,0],"gold":90,"neow_bonus":"RANDOM_COLORLESS_2","is_prod":false,"is_daily":false,"rewards_skipped":[{"floor":6,"relics":[],"potions":["Dexterity Potion"]},{"floor":44,"relics":[],"potions":["SpeedPotion"]},{"floor":48,"relics":[],"potions":["FearPotion"]}],"chose_seed":false,"campfire_upgraded":3,"win_rate":0,"floor_exit_playtime":[69,100,126,189,243,314,333,365,368,387,438,451,516,548,567,671,694,745,823,854,862,1009,1149,1219,1222,1224,1298,1306,1309,1348,1446,1460,1692,1764,1885,1902,1936,1972,2077,2218,2256,2416,2421,2436,2596,2704,2707,2789,2792,2953,3220,3231,3234,3261,3484],"timestamp":1729193082,"blue_key_relic_skipped_log":{"floor":43,"relicID":"Boot"},"path_taken":["M","M","$","M","M","E","?","E","T","R","E","$","M","M","R","BOSS","M","?","$","?","M","E","M","R","T","E","?","R","?","M","R","BOSS","M","?","$","M","?","E","$","E","T","?","M","?","R","?","R","BOSS","BOSS","R","$","E","BOSS"],"build_version":"2022-12-18","purchased_purges":4,"victory":false,"max_hp_per_floor":[62,62,62,62,62,62,62,64,64,64,64,64,64,66,66,66,66,66,66,66,66,68,68,70,70,70,70,70,70,70,70,70,70,70,72,72,77,77,79,79,79,81,81,81,83,85,85,99,99,99,99,99,99,99,99,99],"relic_stats":{"Singing Bowl":18,"Gremlin Horn":[6,6],"counters":[30,144],"Shuriken":[53],"Bronze Scales":[135],"Art of War":[16],"Necronomicon":[43],"Bag of Preparation":[4],"Whetstone":["CarveReality","Strike_P"],"PureWater":[23],"MawBank":168,"obtain_stats":[{"Potion Belt":9,"Lantern":55,"Singing Bowl":8,"Gremlin Horn":40,"Vajra":41,"Mango":48,"Bag of Preparation":54,"Whetstone":20,"MawBank":6,"Shuriken":27,"Bronze Scales":42,"Molten Egg 2":26,"Fusion Hammer":34,"Art of War":11,"Necronomicon":21,"PureWater":0,"Toxic Egg 2":23,"Runic Pyramid":17},{"Potion Belt":6,"Lantern":29,"Singing Bowl":6,"Gremlin Horn":22,"Vajra":22,"Mango":26,"Bag of Preparation":28,"Whetstone":12,"MawBank":5,"Shuriken":16,"Bronze Scales":23,"Molten Egg 2":15,"Fusion Hammer":18,"Art of War":7,"Necronomicon":12,"PureWater":0,"Toxic Egg 2":14,"Runic Pyramid":10},{"Potion Belt":23,"Lantern":141,"Singing Bowl":23,"Gremlin Horn":94,"Vajra":94,"Mango":116,"Bag of Preparation":134,"Whetstone":49,"MawBank":20,"Shuriken":64,"Bronze Scales":100,"Molten Egg 2":61,"Fusion Hammer":78,"Art of War":27,"Necronomicon":49,"PureWater":0,"Toxic Egg 2":58,"Runic Pyramid":42}]},"card_choices":[{"not_picked":["Magnetism","Metamorphosis"],"picked":"HandOfGreed","floor":0},{"not_picked":["Protect","PathToVictory"],"picked":"CutThroughFate","floor":1},{"not_picked":["PathToVictory","Ragnarok"],"picked":"Crescendo","floor":2},{"not_picked":["CutThroughFate","Halt"],"picked":"CarveReality","floor":4},{"not_picked":["Protect","SandsOfTime"],"picked":"FlurryOfBlows","floor":5},{"not_picked":["Weave","Ragnarok","CrushJoints"],"picked":"SKIP","floor":6},{"not_picked":["Halt","Evaluate","SignatureMove"],"picked":"Singing Bowl","floor":8},{"not_picked":["FlyingSleeves","Halt"],"picked":"Adaptation","floor":11},{"not_picked":["Prostrate","FlyingSleeves"],"picked":"DeusExMachina","floor":13},{"not_picked":["ReachHeaven","Nirvana","TalkToTheHand"],"picked":"Singing Bowl","floor":14},{"not_picked":["Alpha","Omniscience"],"picked":"Vault","floor":16},{"not_picked":["Crescendo","BattleHymn"],"picked":"ThirdEye","floor":18},{"not_picked":["Consecrate","Protect"],"picked":"Wireheading","floor":19},{"not_picked":["WindmillStrike+1","Weave","Halt"],"picked":"Singing Bowl","floor":22},{"not_picked":["FearNoEvil","SashWhip"],"picked":"ClearTheMind+1","floor":23},{"not_picked":["ClearTheMind+1","FlurryOfBlows","Prostrate+1"],"picked":"Singing Bowl","floor":24},{"not_picked":["FlyingSleeves+1","FlurryOfBlows+1"],"picked":"MentalFortress","floor":27},{"not_picked":["BowlingBash+1","Prostrate+1"],"picked":"Halt+1","floor":31},{"not_picked":["SpiritShield+1","Wish+1"],"picked":"Omniscience+1","floor":33},{"not_picked":["ClearTheMind+1","BowlingBash+1","FearNoEvil+1"],"picked":"Singing Bowl","floor":35},{"not_picked":["BowlingBash+1","WreathOfFlame+1"],"picked":"ThirdEye+1","floor":38},{"not_picked":["SandsOfTime+1","CrushJoints+1","BattleHymn"],"picked":"Singing Bowl","floor":39},{"not_picked":["Protect+1","Crescendo+1"],"picked":"Vault+1","floor":40},{"not_picked":["Protect+1","Study","Brilliance+1"],"picked":"Singing Bowl","floor":42},{"not_picked":["SashWhip+1","Nirvana","CarveReality+1"],"picked":"Singing Bowl","floor":45},{"not_picked":["BowlingBash+1","Halt+1","EmptyBody+1"],"picked":"Singing Bowl","floor":46},{"not_picked":["ClearTheMind+1","EmptyBody+1"],"picked":"CutThroughFate+1","floor":48},{"not_picked":["CutThroughFate+1","Perseverance+1"],"picked":"Wish+1","floor":55}],"player_experience":2756087,"relics_obtained":[{"floor":6,"key":"MawBank"},{"floor":8,"key":"Singing Bowl"},{"floor":9,"key":"Potion Belt"},{"floor":11,"key":"Art of War"},{"floor":21,"key":"Necronomicon"},{"floor":23,"key":"Toxic Egg 2"},{"floor":26,"key":"Molten Egg 2"},{"floor":27,"key":"Shuriken"},{"floor":40,"key":"Gremlin Horn"},{"floor":42,"key":"Bronze Scales"},{"floor":48,"key":"Mango"},{"floor":55,"key":"Lantern"}],"event_choices":[{"damage_healed":0,"gold_gain":0,"player_choice":"1 cards matched","damage_taken":0,"max_hp_gain":0,"max_hp_loss":0,"event_name":"Match and Keep!","floor":7,"gold_loss":0,"cards_obtained":["Wallop"]},{"damage_healed":0,"gold_gain":0,"player_choice":"Obtained Book","damage_taken":21,"max_hp_gain":0,"max_hp_loss":0,"event_name":"Cursed Tome","floor":21,"gold_loss":0},{"damage_healed":0,"gold_gain":0,"player_choice":"Simplicity","damage_taken":0,"max_hp_gain":0,"max_hp_loss":0,"event_name":"Back to Basics","floor":28,"gold_loss":0,"cards_upgraded":["Strike_P","Strike_P","Strike_P","Defend_P","Defend_P","Defend_P"]},{"damage_healed":0,"gold_gain":0,"cards_transformed":["Strike_P","Defend_P"],"player_choice":"Became Test Subject","damage_taken":0,"max_hp_gain":0,"max_hp_loss":0,"event_name":"Drug Dealer","floor":30,"gold_loss":0,"cards_obtained":["Crescendo","Study"]},{"damage_healed":0,"gold_gain":0,"player_choice":"Upgraded","damage_taken":0,"max_hp_gain":0,"max_hp_loss":0,"event_name":"Upgrade Shrine","floor":36,"gold_loss":0,"cards_upgraded":["MentalFortress"]},{"damage_healed":0,"gold_gain":0,"player_choice":"Got Potions","damage_taken":0,"max_hp_gain":0,"max_hp_loss":0,"event_name":"Lab","floor":44,"gold_loss":0},{"damage_healed":0,"gold_gain":0,"player_choice":"Fight","damage_taken":0,"max_hp_gain":0,"max_hp_loss":0,"event_name":"Mysterious Sphere","floor":48,"gold_loss":0}],"is_beta":false,"boss_relics":[{"not_picked":["Snecko Eye","SacredBark"],"picked":"Runic Pyramid"},{"not_picked":["HolyWater","Coffee Dripper"],"picked":"Fusion Hammer"}],"items_purged_floors":[20,37,41,54],"is_endless":false,"potions_floor_spawned":[2,4,6,11,22,27,31,35,40,42,48],"killed_by":"The Heart","ascension_level":20,"potion_discard_per_floor":[[],[],[],[],[],[],[],[],[],[],[],[],[],[],[],[],[],[],[],[],[],[],[],[],[],[],[],[],[],[],[],[],[],[],[],[],[],[],[],[],[],["SmokeBomb"],[],["Strength Potion"],[],[],[],[],[],[],[],[],[],[],[],["SmokeBomb"]]}