{"neow_bonuses_skipped_log":["THREE_CARDS","RANDOM_COMMON_RELIC","BOSS_RELIC"],"neow_costs_skipped_log":["NONE","NONE","NONE"],"potions_obtained_entropic_brew":[[],[],[],[],[],[],[],[],[],[],[],[],[],[],[],[],[],[],[],[],[],[],[],[],[],[],[],[],[],[],[],[],[],[],[],[],[],[],[],[],[],[],[],[],[],[],[],[],[],[]],"gold_per_floor":[368,142,155,55,67,67,399,399,399,427,427,443,458,93,93,191,191,211,211,224,238,238,278,278,319,319,84,115,139,139,177,177,267,267,283,351,231,245,245,245,266,266,266,302,317,317,333,369,369,369],"floor_reached":50,"playtime":3576,"items_purged":["Defend_P","Defend_P","Strike_P","Defend_P"],"score":1451,"play_id":"39bc2b3f-b94c-45c1-8bfd-2445b762df52","local_time":"20250526021850","falling_options_log":["WheelKick","Devotion"],"score_breakdown":["Floors Climbed (50): 250","Enemies Slain (14): 28","Exordium Elites Killed (2): 20","City Elites Killed (4): 80","Beyond Elites Killed (2): 60","Bosses Slain (2): 150","Money Money (1316): 25","Champion (4): 100","C-c-c-combo: 25","Ascension (20): 713"],"is_ascension_mode":true,"potions_obtained_alchemize":[[],[],[],[],[],[],[],[],[],[],[],[],[],[],[],[],[],[],[],[],[],[],[],[],[],[],[],[],[],[],[],[],[],[],[],[],[],[],[],[],[],[],[],[],[],[],[],[],[],[]],"campfire_choices":[{"data":"Dramatic Entrance","floor":6.0,"key":"SMITH"},{"data":"Scrawl","floor":15.0,"key":"SMITH"},{"data":"Strike_P","floor":24.0,"key":"PURGE"},{"data":"Strike_P","floor":32.0,"key":"PURGE"},{"data":"Strike_P","floor":40.0,"key":"PURGE"},{"data":"Defend_P","floor":42.0,"key":"PURGE"},{"data":"WheelKick","floor":46.0,"key":"PURGE"},{"floor":49,"key":"RECALL"}],"lesson_learned_per_floor":[[],[],[],[],[],[],[],[],[],[],[],[],[],[],[],[],[],[],[],[],[],[],[],[],[],[],[],[],[],[],[],[],[],[],[],[],[],[],[],[],[],[],[],[],[],[],[],[],[],[]],"neow_cost":"TEN_PERCENT_HP_LOSS","improvable_cards":{},"seed_source_timestamp":0,"shop_contents":[{"floor":2,"relics":["CeramicFish","Juzu Bracelet","DollysMirror"],"cards":["CutThroughFate","JustLucky","ThirdEye","DeceiveReality","Fasting2","Master of Strategy"],"potions":["PowerPotion","Ambrosia"]},{"floor":4,"relics":["HornCleat","Boot","Cauldron"],"cards":["CutThroughFate","BowlingBash","Prostrate","Protect","Study","Trip","Sadistic Nature"],"potions":["AttackPotion","DuplicationPotion","Swift Potion"]},{"floor":14,"relics":["Yang","Omamori","Strange Spoon"],"cards":["ForeignInfluence","Study","Bandage Up","Metamorphosis"],"potions":["ColorlessPotion","Strength Potion","Ancient Potion"]},{"floor":27,"relics":["Toxic Egg 2","Anchor"],"cards":["Weave","Tantrum","Sanctity","Vengeance","Dark Shackles","Transmutation"],"potions":["BottledMiracle","CultistPotion","Regen Potion"]},{"floor":37,"relics":["Letter Opener","Question Card","Melange"],"cards":["CarveReality","LessonLearned","EmptyBody","Blasphemy","Nirvana","Discovery","Transmutation"],"potions":["SkillPotion","Fire Potion","AttackPotion"]}],"circlet_count":0,"master_deck":["AscendersBane","Eruption+1","Vigilance","CarveReality","Dramatic Entrance+1","Halt","EmptyFist","Scrawl+1","Tantrum","TalkToTheHand","Prostrate+1","Worship","Devotion","Adaptation","Adaptation+1","Prostrate+1","InnerPeace+1","DeusExMachina"],"special_seed":0,"potion_use_per_floor":[[],[],[],[],[],[],["Energy Potion"],[],[],["Fire Potion"],[],[],[],[],[],["LiquidMemories"],[],[],[],["DistilledChaos"],["Energy Potion"],[],[],[],[],[],[],[],[],[],[],[],[],[],[],["Energy Potion"],[],[],[],[],[],[],[],["Swift Potion"],[],[],["PowerPotion"],[],[],[]],"relics":["PureWater","Mercury Hourglass","Strawberry","Golden Idol","Runic Pyramid","Nloth\u0027s Gift","Peace Pipe","Damaru","Medical Kit","Mango","The Courier","Lantern","VioletLotus","Ice Cream","Ornamental Fan","Blue Candle","Eternal Feather"],"potions_floor_usage":[],"damage_taken":[{"damage":0.0,"enemies":"Cultist","floor":1.0,"turns":3.0},{"damage":0.0,"enemies":"2 Louse","floor":3.0,"turns":1.0},{"damage":4.0,"enemies":"Jaw Worm","floor":5.0,"turns":2.0},{"damage":0.0,"enemies":"Gremlin Nob","floor":7.0,"turns":3.0},{"damage":2.0,"enemies":"3 Sentries","floor":10.0,"turns":2.0},{"damage":0.0,"enemies":"Blue Slaver","floor":12.0,"turns":1.0},{"damage":0.0,"enemies":"Exordium Thugs","floor":13.0,"turns":2.0},{"damage":18.0,"enemies":"Hexaghost","floor":16.0,"turns":5.0},{"damage":0.0,"enemies":"Spheric Guardian","floor":18.0,"turns":2.0},{"damage":16.0,"enemies":"Shell Parasite","floor":20.0,"turns":2.0},{"damage":6.0,"enemies":"Snecko","floor":21.0,"turns":4.0},{"damage":3.0,"enemies":"Gremlin Leader","floor":23.0,"turns":4.0},{"damage":1.0,"enemies":"Book of Stabbing","floor":25.0,"turns":3.0},{"damage":0.0,"enemies":"Gremlin Leader","floor":28.0,"turns":3.0},{"damage":0.0,"enemies":"Cultist and Chosen","floor":29.0,"turns":3.0},{"damage":7.0,"enemies":"Book of Stabbing","floor":31.0,"turns":3.0},{"damage":12.0,"enemies":"Automaton","floor":33.0,"turns":6.0},{"damage":4.0,"enemies":"3 Darklings","floor":35.0,"turns":2.0},{"damage":8.0,"enemies":"2 Orb Walkers","floor":36.0,"turns":3.0},{"damage":0.0,"enemies":"Orb Walker","floor":38.0,"turns":2.0},{"damage":0.0,"enemies":"Sphere and 2 Shapes","floor":41.0,"turns":1.0},{"damage":0.0,"enemies":"Reptomancer","floor":44.0,"turns":3.0},{"damage":26.0,"enemies":"3 Darklings","floor":45.0,"turns":2.0},{"damage":15.0,"enemies":"Jaw Worm Horde","floor":47.0,"turns":3.0},{"damage":0.0,"enemies":"Nemesis","floor":48.0,"turns":3.0},{"damage":27,"enemies":"Time Eater","floor":50,"turns":1}],"green_key_taken_log":25,"seed_played":"2404098519198367746","neow_bonus_log":{"cardsObtained":[],"cardsUpgraded":[],"cardsRemoved":[],"cardsTransformed":[],"relicsObtained":[],"maxHpGained":0,"goldGained":250,"damageTaken":0,"goldLost":0,"maxHpLost":6},"potions_obtained":[{"floor":5.0,"key":"Energy Potion"},{"floor":12.0,"key":"LiquidMemories"},{"floor":16.0,"key":"DistilledChaos"},{"floor":20.0,"key":"Energy Potion"},{"floor":23.0,"key":"Explosive Potion"},{"floor":28.0,"key":"PowerPotion"},{"floor":31.0,"key":"Energy Potion"},{"floor":36.0,"key":"FearPotion"},{"floor":41.0,"key":"Swift Potion"},{"floor":45.0,"key":"BottledMiracle"}],"is_trial":false,"path_per_floor":["M","$","M","$","M","R","E","?","T","E","?","M","M","$","R","B",null,"M","?","M","M","?","E","R","E","T","$","E","M","T","E","R","B",null,"M","?","$","M","?","R","M","R","T","E","M","R","M","E","R","B"],"character_chosen":"WATCHER","basemod:card_modifiers":[null,null,null,null,null,null,null,null,null,null,null,null,null,null,null,null,null,null],"items_purchased":["Dramatic Entrance","Fire Potion","Scrawl","Tantrum","TalkToTheHand","Adaptation","Medical Kit"],"campfire_rested":0,"item_purchase_floors":[2,2,14,14,14,27,27],"current_hp_per_floor":[61,61,61,61,57,57,57,57,57,62,62,62,62,62,62,44,58,58,58,42,36,36,33,33,32,32,32,46,46,46,39,39,27,65,61,53,53,53,53,53,53,53,53,53,27,27,12,12,21,0],"gold":369,"neow_bonus":"TWO_FIFTY_GOLD","is_prod":false,"is_daily":false,"rewards_skipped":[],"chose_seed":false,"campfire_upgraded":2,"win_rate":0,"floor_exit_playtime":[43,85,124,156,176,195,278,286,288,390,395,464,489,546,561,683,723,790,798,887,987,991,1110,1135,1549,1558,1574,1643,1687,1690,1792,1803,1973,2060,2110,2180,2212,2257,2898,2908,2949,2955,2959,3092,3163,3268,3379,3529,3538],"timestamp":1748240330,"blue_key_relic_skipped_log":{"floor":26,"relicID":"Bottled Flame"},"path_taken":["M","$","M","?","M","R","E","?","T","E","?","M","M","$","R","BOSS","M","?","?","M","?","E","R","E","T","?","E","M","?","E","R","BOSS","M","?","$","M","?","R","M","R","T","E","M","R","M","E","R","BOSS"],"build_version":"2022-12-18","purchased_purges":4,"victory":false,"max_hp_per_floor":[62,62,62,62,62,62,62,62,62,69,63,63,63,63,63,63,63,63,63,63,63,63,63,63,63,63,63,77,77,77,77,77,77,77,77,77,77,77,77,77,77,77,77,77,77,77,77,77,77,77],"relic_stats":{"Ice Cream":[17],"counters":[26,68],"Golden Idol":133,"Blue Candle":[1],"Eternal Feather":9,"The Courier":30,"Medical Kit":[5],"Mercury Hourglass":[241],"Peace Pipe":5,"Ornamental Fan":[56],"VioletLotus":[23],"Nloth\u0027s Gift":4,"PureWater":[19],"obtain_stats":[{"Ice Cream":36,"Lantern":31,"Golden Idol":11,"Blue Candle":44,"Damaru":25,"Mango":28,"Eternal Feather":48,"The Courier":30,"Medical Kit":27,"Old Coin":7,"Mercury Hourglass":9,"Peace Pipe":23,"Ornamental Fan":43,"Strawberry":10,"VioletLotus":34,"Nloth\u0027s Gift":19,"PureWater":0,"Runic Pyramid":17},{"Ice Cream":19,"Lantern":16,"Golden Idol":5,"Blue Candle":22,"Damaru":13,"Mango":14,"Eternal Feather":25,"The Courier":15,"Medical Kit":13,"Old Coin":4,"Mercury Hourglass":4,"Peace Pipe":12,"Ornamental Fan":21,"Strawberry":5,"VioletLotus":17,"Nloth\u0027s Gift":9,"PureWater":0,"Runic Pyramid":8},{"Ice Cream":53,"Lantern":43,"Golden Idol":11,"Blue Candle":59,"Damaru":34,"Mango":37,"Eternal Feather":67,"The Courier":40,"Medical Kit":34,"Old Coin":9,"Mercury Hourglass":9,"Peace Pipe":31,"Ornamental Fan":56,"Strawberry":11,"VioletLotus":49,"Nloth\u0027s Gift":21,"PureWater":0,"Runic Pyramid":19}]},"card_choices":[{"not_picked":["Protect","BattleHymn"],"picked":"CarveReality","floor":1.0},{"not_picked":["Collect","Sanctity"],"picked":"WheelKick","floor":3.0},{"not_picked":["ThirdEye","PathToVictory"],"picked":"Halt","floor":5.0},{"not_picked":["Evaluate","Conclude"],"picked":"EmptyFist","floor":7.0},{"not_picked":["FlyingSleeves","CrushJoints","Prostrate"],"picked":"SKIP","floor":10.0},{"not_picked":["PathToVictory","Ragnarok","Weave"],"picked":"SKIP","floor":12.0},{"not_picked":["EmptyBody","WreathOfFlame","PathToVictory"],"picked":"SKIP","floor":13.0},{"not_picked":["MasterReality","ConjureBlade"],"picked":"Scrawl","floor":16.0},{"not_picked":["ThirdEye","ClearTheMind"],"picked":"Prostrate+1","floor":18.0},{"not_picked":["Halt","Swivel","WaveOfTheHand"],"picked":"SKIP","floor":20.0},{"not_picked":["Meditate","Protect","DevaForm"],"picked":"SKIP","floor":21.0},{"not_picked":["CarveReality","Swivel"],"picked":"Worship","floor":23.0},{"not_picked":["Pray","Establishment"],"picked":"Devotion","floor":25.0},{"not_picked":["Crescendo+1","Omniscience","FlyingSleeves"],"picked":"SKIP","floor":28.0},{"not_picked":["Consecrate","Prostrate","FlurryOfBlows"],"picked":"SKIP","floor":29.0},{"not_picked":["ThirdEye+1","Swivel"],"picked":"Adaptation+1","floor":31.0},{"not_picked":["Devotion","Ragnarok","Omniscience"],"picked":"SKIP","floor":33.0},{"not_picked":["ThirdEye","Crescendo"],"picked":"Prostrate+1","floor":35.0},{"not_picked":["JustLucky+1","SashWhip","Worship"],"picked":"SKIP","floor":36.0},{"not_picked":["Perseverance","Indignation","PathToVictory"],"picked":"SKIP","floor":38.0},{"not_picked":["ForeignInfluence+1","FollowUp","FlurryOfBlows"],"picked":"SKIP","floor":41.0},{"not_picked":["EmptyBody+1","Collect"],"picked":"InnerPeace+1","floor":44.0},{"not_picked":["FlyingSleeves","Protect"],"picked":"DeusExMachina","floor":45.0},{"not_picked":["InnerPeace","CrushJoints+1","Study"],"picked":"SKIP","floor":47.0},{"not_picked":["FlyingSleeves","FlurryOfBlows+1","Meditate"],"picked":"SKIP","floor":48.0}],"player_experience":2890080,"relics_obtained":[{"floor":7.0,"key":"Old Coin"},{"floor":9.0,"key":"Mercury Hourglass"},{"floor":10.0,"key":"Strawberry"},{"floor":23.0,"key":"Peace Pipe"},{"floor":25.0,"key":"Damaru"},{"floor":28.0,"key":"Mango"},{"floor":30.0,"key":"The Courier"},{"floor":31.0,"key":"Lantern"},{"floor":36.0,"key":"Ice Cream"},{"floor":43.0,"key":"Ornamental Fan"},{"floor":44.0,"key":"Blue Candle"},{"floor":48.0,"key":"Eternal Feather"}],"event_choices":[{"damage_healed":0.0,"max_hp_gain":0.0,"max_hp_loss":0.0,"gold_gain":0.0,"event_name":"Living Wall","player_choice":"Grow","floor":8.0,"gold_loss":0.0,"damage_taken":0.0,"cards_upgraded":["Eruption"]},{"damage_healed":0.0,"max_hp_gain":0.0,"max_hp_loss":6.0,"gold_gain":0.0,"event_name":"Golden Idol","player_choice":"Lose Max HP","floor":11.0,"gold_loss":0.0,"damage_taken":0.0,"relics_obtained":["Golden Idol"]},{"damage_healed":0.0,"max_hp_gain":0.0,"max_hp_loss":0.0,"gold_gain":0.0,"event_name":"N\u0027loth","player_choice":"Traded Relic","floor":19.0,"relics_lost":["Old Coin"],"gold_loss":0.0,"damage_taken":0.0,"relics_obtained":["Nloth\u0027s Gift"]},{"damage_healed":0.0,"max_hp_gain":0.0,"max_hp_loss":0.0,"gold_gain":0.0,"event_name":"The Mausoleum","player_choice":"Ignored","floor":22.0,"gold_loss":0.0,"damage_taken":0.0},{"damage_healed":0.0,"max_hp_gain":0.0,"max_hp_loss":0.0,"gold_gain":0.0,"event_name":"Mysterious Sphere","player_choice":"Fight","floor":36.0,"gold_loss":0.0,"damage_taken":0.0},{"cards_removed":["Scrawl"],"damage_healed":0.0,"max_hp_gain":0.0,"max_hp_loss":0.0,"gold_gain":0.0,"event_name":"Falling","player_choice":"Removed Skill","floor":39.0,"gold_loss":0.0,"damage_taken":0.0}],"is_beta":false,"boss_relics":[{"not_picked":["Fusion Hammer","Velvet Choker"],"picked":"Runic Pyramid"},{"not_picked":["HolyWater","Cursed Key"],"picked":"VioletLotus"}],"items_purged_floors":[2,4,14,37],"is_endless":false,"potions_floor_spawned":[5,12,16,20,23,28,31,36,41,45],"killed_by":"Time Eater","ascension_level":20,"potion_discard_per_floor":[[],[],[],[],[],[],[],[],[],[],[],[],[],[],[],[],[],[],[],[],[],[],[],[],[],[],[],[],[],[],["Explosive Potion"],[],[],[],[],[],[],[],[],[],["FearPotion"],[],[],[],[],[],[],[],[],[]]}