{"gold_per_floor":[110,57,72,22,22,54,54,72,72,99,27,101,101,129,129,233,233,252,264,280,280,280,313,313,333,414,414,185,185],"floor_reached":29,"playtime":1347,"items_purged":["Strike_B"],"score":249,"play_id":"b18cc63f-3b9b-4f79-b795-83da149d017a","local_time":"20210407110551","is_ascension_mode":false,"campfire_choices":[{"data":"Zap","floor":7,"key":"SMITH"},{"data":"Barrage","floor":13,"key":"SMITH"},{"floor":15,"key":"REST"},{"data":"Defragment","floor":24,"key":"SMITH"}],"neow_cost":"NONE","seed_source_timestamp":77219480229800,"circlet_count":0,"master_deck":["Strike_B","Defend_B","Defend_B","Zap+1","Dualcast","Steam","Beam Cell","Leap","Ball Lightning","Barrage+1","Melter","Self Repair","Coolheaded","Go for the Eyes","Core Surge","Redo","Defragment+1","Rebound+1","Biased Cognition"],"relics":["Cracked Core","InkBottle","Regal Pillow","HornCleat","Bottled Flame","Odd Mushroom","Empty Cage","PreservedInsect","Gremlin Horn","Sling"],"potions_floor_usage":[6,6,25,29,29],"damage_taken":[{"damage":5,"enemies":"Small Slimes","floor":1,"turns":3},{"damage":0,"enemies":"Jaw Worm","floor":3,"turns":2},{"damage":20,"enemies":"Lagavulin","floor":6,"turns":4},{"damage":0,"enemies":"2 Louse","floor":8,"turns":2},{"damage":4,"enemies":"3 Sentries","floor":10,"turns":5},{"damage":0,"enemies":"The Mushroom Lair","floor":14,"turns":4},{"damage":37,"enemies":"The Guardian","floor":16,"turns":9},{"damage":0,"enemies":"Spheric Guardian","floor":18,"turns":3},{"damage":2,"enemies":"Chosen","floor":19,"turns":3},{"damage":18,"enemies":"Snake Plant","floor":20,"turns":4},{"damage":34,"enemies":"Book of Stabbing","floor":23,"turns":6},{"damage":18,"enemies":"Chosen and Byrds","floor":25,"turns":6},{"damage":14,"enemies":"Colosseum Slavers","floor":27,"turns":3},{"damage":14,"enemies":"Snecko","floor":29,"turns":3}],"seed_played":"-6327811728224326925","potions_obtained":[{"floor":1,"key":"Fire Potion"},{"floor":3,"key":"SteroidPotion"},{"floor":8,"key":"Fire Potion"},{"floor":14,"key":"Block Potion"},{"floor":16,"key":"AttackPotion"},{"floor":18,"key":"BlessingOfTheForge"}],"is_trial":false,"path_per_floor":["M","$","M","?","?","E","R","M","T","E","$","?","R","?","R","B",null,"M","M","M","?","?","E","R","M","T","?","$","M"],"character_chosen":"DEFECT","items_purchased":["Leap","Coolheaded","Go for the Eyes","Sling"],"campfire_rested":1,"item_purchase_floors":[2,11,11,28],"current_hp_per_floor":[70,70,70,70,63,43,43,43,43,39,39,39,39,46,75,45,75,75,73,62,62,62,35,35,24,24,10,10,0],"gold":185,"neow_bonus":"TRANSFORM_CARD","is_prod":false,"is_daily":false,"chose_seed":false,"campfire_upgraded":3,"win_rate":0.0,"timestamp":1617807951,"path_taken":["M","$","M","?","?","E","R","M","T","E","$","?","R","?","R","BOSS","M","M","M","?","?","E","R","M","T","?","$","M"],"build_version":"2020-12-22","purchased_purges":1,"victory":false,"max_hp_per_floor":[75,75,75,75,75,75,75,75,75,75,75,75,75,75,75,75,75,75,75,75,75,75,75,75,75,75,75,75,75],"card_choices":[{"not_picked":["Capacitor","Gash"],"picked":"Beam Cell","floor":1},{"not_picked":["Beam Cell","Doom and Gloom"],"picked":"Ball Lightning","floor":3},{"not_picked":["Hologram","Skim"],"picked":"Barrage","floor":6},{"not_picked":["All For One","Tempest"],"picked":"Melter","floor":8},{"not_picked":["Capacitor","Turbo"],"picked":"Self Repair","floor":10},{"not_picked":["All For One","Creative AI"],"picked":"Core Surge","floor":16},{"not_picked":["Conserve Battery","Fusion","Loop"],"picked":"SKIP","floor":18},{"not_picked":["Chill+1","Reprogram+1"],"picked":"Redo","floor":19},{"not_picked":["Turbo","Go for the Eyes"],"picked":"Defragment","floor":20},{"not_picked":["Streamline","Rip and Tear"],"picked":"Rebound+1","floor":23},{"not_picked":["Glacier","Turbo+1"],"picked":"Biased Cognition","floor":25}],"player_experience":81462,"relics_obtained":[{"floor":6,"key":"Regal Pillow"},{"floor":9,"key":"HornCleat"},{"floor":10,"key":"Bottled Flame"},{"floor":14,"key":"Odd Mushroom"},{"floor":23,"key":"PreservedInsect"},{"floor":26,"key":"Gremlin Horn"}],"event_choices":[{"cards_removed":["Defend_B"],"damage_healed":0,"gold_gain":0,"player_choice":"Card Removal","damage_taken":0,"max_hp_gain":0,"max_hp_loss":0,"event_name":"The Cleric","floor":4,"gold_loss":50},{"damage_healed":0,"gold_gain":0,"player_choice":"Success","damage_taken":7,"relics_obtained":["InkBottle"],"max_hp_gain":0,"max_hp_loss":0,"event_name":"Scrap Ooze","floor":5,"gold_loss":0},{"damage_healed":0,"gold_gain":74,"player_choice":"Gained Gold","damage_taken":0,"max_hp_gain":0,"max_hp_loss":0,"event_name":"Golden Wing","floor":12,"gold_loss":0},{"damage_healed":0,"gold_gain":0,"player_choice":"Fought Mushrooms","damage_taken":0,"max_hp_gain":0,"max_hp_loss":0,"event_name":"Mushrooms","floor":14,"gold_loss":0},{"damage_healed":0,"gold_gain":0,"player_choice":"Ignored","damage_taken":0,"max_hp_gain":0,"max_hp_loss":0,"event_name":"Beggar","floor":21,"gold_loss":0},{"damage_healed":0,"gold_gain":0,"player_choice":"Ignored","damage_taken":0,"max_hp_gain":0,"max_hp_loss":0,"event_name":"The Mausoleum","floor":22,"gold_loss":0},{"damage_healed":0,"gold_gain":0,"player_choice":"Fight","damage_taken":0,"max_hp_gain":0,"max_hp_loss":0,"event_name":"Colosseum","floor":27,"gold_loss":0},{"damage_healed":0,"gold_gain":0,"player_choice":"Fled From Nobs","damage_taken":0,"max_hp_gain":0,"max_hp_loss":0,"event_name":"Colosseum","floor":27,"gold_loss":0}],"is_beta":false,"boss_relics":[{"not_picked":["Velvet Choker","Inserter"],"picked":"Empty Cage"}],"items_purged_floors":[28],"is_endless":false,"potions_floor_spawned":[1,3,8,14,16,18,27],"killed_by":"Snecko","ascension_level":0}