{"gold_per_floor":[115,127,137,137,157,157,176,192,192,192,227,242,242,66,66,168,168,181,181,96,110,126,126,142,142],"floor_reached":25,"playtime":1574,"items_purged":["Strike_B"],"score":282,"play_id":"6d86dad4-845e-4953-8877-faf9d2433cf4","local_time":"20210407044245","is_ascension_mode":false,"campfire_choices":[{"data":"Zap","floor":6,"key":"SMITH"},{"data":"White Noise","floor":10,"key":"SMITH"},{"floor":13,"key":"REST"},{"floor":15,"key":"REST"},{"floor":23,"key":"REST"}],"neow_cost":"NONE","seed_source_timestamp":54006737984500,"circlet_count":0,"master_deck":["Defend_B","Defend_B","Defend_B","Zap+1","Dualcast","White Noise+1","Barrage","Steam","Lockon","Tempest","Redo","Electrodynamics","Coolheaded","Capacitor","Coolheaded","Echo Form","Redo+1","Bite","Bite","Bite","Bite","Bite","Stack","Steam+1","Beam Cell"],"relics":["Cracked Core","Bottled Lightning","Question Card","SlaversCollar","Potion Belt"],"potions_floor_usage":[11],"damage_taken":[{"damage":0,"enemies":"Cultist","floor":1,"turns":4},{"damage":11,"enemies":"Jaw Worm","floor":2,"turns":3},{"damage":1,"enemies":"2 Louse","floor":3,"turns":3},{"damage":8,"enemies":"Large Slime","floor":5,"turns":6},{"damage":11,"enemies":"Exordium Wildlife","floor":7,"turns":5},{"damage":11,"enemies":"Exordium Thugs","floor":8,"turns":4},{"damage":16,"enemies":"Gremlin Nob","floor":11,"turns":3},{"damage":12,"enemies":"Blue Slaver","floor":12,"turns":2},{"damage":0,"enemies":"Slime Boss","floor":16,"turns":5},{"damage":20,"enemies":"3 Byrds","floor":18,"turns":4},{"damage":15,"enemies":"Chosen","floor":21,"turns":5},{"damage":38,"enemies":"Snecko","floor":22,"turns":6},{"damage":19,"enemies":"Centurion and Healer","floor":24,"turns":6},{"damage":39,"enemies":"Snake Plant","floor":25,"turns":5}],"seed_played":"-4542874700271713325","potions_obtained":[{"floor":1,"key":"FocusPotion"},{"floor":2,"key":"SpeedPotion"},{"floor":3,"key":"LiquidBronze"},{"floor":5,"key":"Dexterity Potion"},{"floor":12,"key":"Weak Potion"},{"floor":21,"key":"Dexterity Potion"},{"floor":24,"key":"Weak Potion"}],"is_trial":false,"path_per_floor":["M","M","M","?","M","R","M","M","T","R","E","M","R","$","R","B",null,"M","?","?","M","M","R","M","M"],"character_chosen":"DEFECT","items_purchased":["Capacitor","Coolheaded"],"campfire_rested":3,"item_purchase_floors":[14,14],"current_hp_per_floor":[82,71,70,70,62,62,51,40,40,40,24,12,36,36,60,60,82,62,57,57,44,16,33,28,0],"gold":142,"neow_bonus":"TEN_PERCENT_HP_BONUS","is_prod":false,"is_daily":false,"chose_seed":false,"campfire_upgraded":2,"win_rate":0.0,"timestamp":1617784965,"path_taken":["M","?","M","?","M","R","M","M","T","R","E","M","R","?","R","BOSS","M","?","?","M","M","R","M","M"],"build_version":"2020-12-22","purchased_purges":1,"victory":false,"max_hp_per_floor":[82,82,82,82,82,82,82,82,82,82,82,82,82,82,82,82,82,82,57,57,57,57,57,57,57],"card_choices":[{"not_picked":["Barrage","Go for the Eyes"],"picked":"White Noise","floor":1},{"not_picked":["Hologram","Melter"],"picked":"Barrage","floor":2},{"not_picked":["Aggregate","Rebound"],"picked":"Steam","floor":3},{"not_picked":["Stack","Cold Snap"],"picked":"Lockon","floor":5},{"not_picked":["Cold Snap","Turbo"],"picked":"Tempest","floor":7},{"not_picked":["Sweeping Beam","Reprogram"],"picked":"Redo","floor":8},{"not_picked":["Doom and Gloom","Barrage"],"picked":"Electrodynamics","floor":11},{"not_picked":["Stack","Redo","Skim"],"picked":"Coolheaded","floor":12},{"not_picked":["Machine Learning","Hyperbeam","Thunder Strike"],"picked":"Echo Form","floor":16},{"not_picked":["Sweeping Beam","Streamline+1","Rebound"],"picked":"Redo+1","floor":18},{"not_picked":["Storm","Cold Snap","Aggregate"],"picked":"Stack","floor":21},{"not_picked":["Hologram","Meteor Strike","Streamline"],"picked":"Steam+1","floor":22},{"not_picked":["Chill+1","Sweeping Beam","Go for the Eyes"],"picked":"Beam Cell","floor":24}],"player_experience":75975,"relics_obtained":[{"floor":9,"key":"Bottled Lightning"},{"floor":11,"key":"Question Card"}],"event_choices":[{"cards_removed":["Defend_B"],"damage_healed":0,"gold_gain":0,"player_choice":"Card Removal","damage_taken":0,"max_hp_gain":0,"max_hp_loss":0,"event_name":"Wheel of Change","floor":4,"gold_loss":0},{"damage_healed":0,"gold_gain":0,"player_choice":"Became a vampire","damage_taken":0,"max_hp_gain":0,"max_hp_loss":25,"event_name":"Vampires","floor":19,"gold_loss":0,"cards_obtained":["Bite","Bite","Bite","Bite","Bite"]},{"damage_healed":0,"gold_gain":0,"player_choice":"Obtained Relic","damage_taken":0,"relics_obtained":["Potion Belt"],"max_hp_gain":0,"max_hp_loss":0,"event_name":"Addict","floor":20,"gold_loss":85}],"is_beta":false,"boss_relics":[{"not_picked":["Sozu","Runic Pyramid"],"picked":"SlaversCollar"}],"items_purged_floors":[14],"is_endless":false,"potions_floor_spawned":[1,2,3,5,12,21,24],"killed_by":"Snake Plant","ascension_level":0}