{"gold_per_floor":[111,26,26,26,38,38,58,4,28,53,53,53,69,83,83,83],"floor_reached":16,"playtime":601,"items_purged":[],"score":100,"play_id":"c6df94b1-6bfb-4564-adb0-6539eab2830e","local_time":"20210406021657","is_ascension_mode":false,"campfire_choices":[{"data":"Discovery","floor":6,"key":"SMITH"},{"floor":11,"key":"REST"},{"floor":15,"key":"REST"}],"neow_cost":"NONE","seed_source_timestamp":1412279141869400,"circlet_count":0,"master_deck":["Strike_B","Strike_B","Strike_B","Strike_B","Defend_B","Defend_B","Defend_B","Defend_B","Zap","Dualcast","Sweeping Beam","Barrage","Discovery+1","Tempest","Chaos","Redo","Echo Form","Zap","Rip and Tear","Gash"],"relics":["Cracked Core","Ancient Tea Set","Bottled Flame"],"potions_floor_usage":[10],"damage_taken":[{"damage":7,"enemies":"2 Louse","floor":1,"turns":3},{"damage":6,"enemies":"Jaw Worm","floor":5,"turns":3},{"damage":3,"enemies":"Small Slimes","floor":7,"turns":2},{"damage":28,"enemies":"3 Sentries","floor":10,"turns":6},{"damage":18,"enemies":"Gremlin Gang","floor":13,"turns":2},{"damage":29,"enemies":"Exordium Thugs","floor":14,"turns":3},{"damage":31,"enemies":"Hexaghost","floor":16,"turns":7}],"seed_played":"-3367479774440323738","potions_obtained":[{"floor":5,"key":"SkillPotion"},{"floor":14,"key":"Fire Potion"}],"is_trial":false,"path_per_floor":["M","$","?","$","M","R","M","$","T","E","R","?","M","M","R","B"],"character_chosen":"DEFECT","items_purchased":["Discovery","Redo"],"campfire_rested":2,"item_purchase_floors":[2,8],"current_hp_per_floor":[68,68,68,68,62,62,59,59,59,31,53,53,35,6,28,0],"gold":83,"neow_bonus":"THREE_CARDS","is_prod":false,"is_daily":false,"chose_seed":false,"campfire_upgraded":1,"win_rate":0.0,"timestamp":1617689817,"path_taken":["M","$","?","?","M","R","M","?","T","E","R","?","M","?","R","BOSS"],"build_version":"2020-12-22","purchased_purges":0,"victory":false,"max_hp_per_floor":[75,75,75,75,75,75,75,75,75,75,75,75,75,75,75,75],"card_choices":[{"not_picked":["Heatsinks","Chill"],"picked":"Sweeping Beam","floor":0},{"not_picked":["Stack","Beam Cell"],"picked":"Barrage","floor":1},{"not_picked":["Beam Cell","Gash"],"picked":"Tempest","floor":5},{"not_picked":["Blizzard","Melter"],"picked":"Chaos","floor":7},{"not_picked":["Conserve Battery","Genetic Algorithm"],"picked":"Echo Form","floor":10},{"not_picked":["Steam Power","Storm"],"picked":"Rip and Tear","floor":13},{"not_picked":["Undo","Coolheaded"],"picked":"Gash","floor":14}],"player_experience":25722,"relics_obtained":[{"floor":9,"key":"Ancient Tea Set"},{"floor":10,"key":"Bottled Flame"}],"event_choices":[{"damage_healed":0,"gold_gain":0,"player_choice":"Ignored","damage_taken":0,"max_hp_gain":0,"max_hp_loss":0,"event_name":"Golden Wing","floor":3,"gold_loss":0},{"damage_healed":0,"gold_gain":0,"player_choice":"1 cards matched","damage_taken":0,"max_hp_gain":0,"max_hp_loss":0,"event_name":"Match and Keep!","floor":12,"gold_loss":0,"cards_obtained":["Zap"]}],"is_beta":false,"boss_relics":[],"items_purged_floors":[],"is_endless":false,"potions_floor_spawned":[5,14],"killed_by":"Hexaghost","ascension_level":0}