{"gold_per_floor":[116,24,38,38,59,59,134,134,187,187,187,218,218,6,6,125,188,213,32,47,47],"floor_reached":21,"playtime":1402,"items_purged":[],"score":175,"play_id":"811fb113-e148-44ce-b3e1-54b7b1c5ef54","local_time":"20210406201606","is_ascension_mode":false,"campfire_choices":[{"data":"Zap","floor":6,"key":"SMITH"},{"data":"Leap","floor":11,"key":"SMITH"},{"floor":13,"key":"REST"},{"data":"Secret Technique","floor":15,"key":"SMITH"}],"neow_cost":"NONE","seed_source_timestamp":23780768341500,"circlet_count":0,"master_deck":["Strike_B+1","Strike_B","Strike_B","Strike_B","Defend_B","Defend_B","Defend_B","Defend_B","Zap+1","Dualcast","Rebound","FTL","Conserve Battery","Loop+1","Leap+1","Rebound","Force Field","Secret Technique+1","Redo","Meteor Strike","Defragment","Streamline","Transmutation","Machine Learning"],"relics":["Cracked Core","Golden Idol","Pen Nib","Incense Burner","Tiny House"],"potions_floor_usage":[12,18],"damage_taken":[{"damage":7,"enemies":"Small Slimes","floor":1,"turns":3},{"damage":0,"enemies":"2 Louse","floor":3,"turns":2},{"damage":0,"enemies":"Cultist","floor":5,"turns":3},{"damage":9,"enemies":"Gremlin Nob","floor":12,"turns":4},{"damage":40,"enemies":"Slime Boss","floor":16,"turns":11},{"damage":22,"enemies":"3 Byrds","floor":18,"turns":5},{"damage":19,"enemies":"Shell Parasite","floor":20,"turns":6},{"damage":35,"enemies":"Shelled Parasite and Fungi","floor":21,"turns":7}],"seed_played":"6509697851611933837","potions_obtained":[{"floor":3,"key":"SkillPotion"},{"floor":5,"key":"DistilledChaos"},{"floor":16,"key":"DuplicationPotion"},{"floor":17,"key":"AttackPotion"},{"floor":18,"key":"SkillPotion"}],"is_trial":false,"path_per_floor":["M","$","M","?","M","R","?","?","T","$","R","E","R","$","R","B",null,"M","$","M","M"],"character_chosen":"DEFECT","items_purchased":["Conserve Battery","Loop","Secret Technique","Redo","Transmutation"],"campfire_rested":1,"item_purchase_floors":[2,2,14,14,19],"current_hp_per_floor":[68,68,68,50,50,50,39,39,39,39,39,30,52,52,52,12,80,58,58,39,4],"gold":47,"neow_bonus":"THREE_CARDS","is_prod":false,"is_daily":false,"chose_seed":false,"campfire_upgraded":3,"win_rate":0.0,"timestamp":1617754566,"path_taken":["M","$","M","?","M","R","?","?","T","$","R","E","R","$","R","BOSS","M","$","M","M"],"build_version":"2020-12-22","purchased_purges":0,"victory":false,"max_hp_per_floor":[75,75,75,75,75,75,75,75,75,75,75,75,75,75,75,75,80,80,80,80,80],"card_choices":[{"not_picked":["Steam Power","Turbo"],"picked":"Rebound","floor":0},{"not_picked":["Conserve Battery","Cold Snap"],"picked":"FTL","floor":1},{"not_picked":["Conserve Battery","Go for the Eyes"],"picked":"Leap","floor":3},{"not_picked":["Stack","Steam"],"picked":"Rebound","floor":5},{"not_picked":["Cold Snap","Beam Cell"],"picked":"Force Field","floor":12},{"not_picked":["Multi-Cast","Biased Cognition"],"picked":"Meteor Strike","floor":16},{"not_picked":["Turbo","Streamline"],"picked":"Defragment","floor":17},{"not_picked":["Melter","Auto Shields"],"picked":"Streamline","floor":18},{"not_picked":["Cold Snap","Hello World"],"picked":"Machine Learning","floor":20}],"player_experience":48690,"relics_obtained":[{"floor":9,"key":"Pen Nib"},{"floor":12,"key":"Incense Burner"}],"event_choices":[{"damage_healed":0,"gold_gain":0,"player_choice":"Take Damage","damage_taken":18,"relics_obtained":["Golden Idol"],"max_hp_gain":0,"max_hp_loss":0,"event_name":"Golden Idol","floor":4,"gold_loss":0},{"damage_healed":0,"gold_gain":75,"player_choice":"Gather Gold","damage_taken":11,"max_hp_gain":0,"max_hp_loss":0,"event_name":"World of Goop","floor":7,"gold_loss":0},{"damage_healed":0,"gold_gain":0,"player_choice":"Grow","damage_taken":0,"max_hp_gain":0,"max_hp_loss":0,"event_name":"Living Wall","floor":8,"gold_loss":0,"cards_upgraded":["Loop"]}],"is_beta":false,"boss_relics":[{"not_picked":["Inserter","SlaversCollar"],"picked":"Tiny House"}],"items_purged_floors":[],"is_endless":false,"potions_floor_spawned":[3,5,16,18],"killed_by":"Shelled Parasite and Fungi","ascension_level":0}