{"gold_per_floor":[110,110,122,122,47,47,90,105,159,194,194,242,257,292,292,422,422,446,460,115,135,10,41,41,41],"floor_reached":25,"playtime":1642,"items_purged":["Strike_B","Strike_B","Strike_B"],"score":264,"play_id":"cd72f545-2b3e-4ea7-af4f-7321ac955dd0","local_time":"20210407003422","is_ascension_mode":false,"campfire_choices":[{"data":"Zap","floor":6,"key":"SMITH"},{"floor":11,"key":"REST"},{"floor":15,"key":"REST"},{"floor":24,"key":"REST"}],"neow_cost":"NONE","seed_source_timestamp":39035885781200,"circlet_count":0,"master_deck":["Strike_B","Defend_B","Defend_B","Defend_B","Defend_B","Zap+1","Dualcast","Beam Cell","Sweeping Beam","Lockon","Conserve Battery","Leap","Streamline","Ball Lightning","Seek","Rebound+1","Darkness","Discovery","Chill","Chaos"],"relics":["Cracked Core","NeowsBlessing","Golden Idol","Strawberry","Vajra","Pen Nib","Tiny Chest","Blood Vial","Toy Ornithopter","Matryoshka"],"potions_floor_usage":[21,23,23,23,25],"damage_taken":[{"damage":0,"enemies":"Jaw Worm","floor":1,"turns":1},{"damage":0,"enemies":"Small Slimes","floor":3,"turns":1},{"damage":0,"enemies":"Lagavulin","floor":7,"turns":1},{"damage":0,"enemies":"Cultist","floor":8,"turns":2},{"damage":27,"enemies":"3 Sentries","floor":10,"turns":7},{"damage":5,"enemies":"3 Louse","floor":13,"turns":3},{"damage":20,"enemies":"Lagavulin","floor":14,"turns":6},{"damage":48,"enemies":"The Guardian","floor":16,"turns":10},{"damage":15,"enemies":"2 Thieves","floor":18,"turns":4},{"damage":19,"enemies":"Spheric Guardian","floor":19,"turns":4},{"damage":37,"enemies":"3 Cultists","floor":21,"turns":6},{"damage":26,"enemies":"Book of Stabbing","floor":23,"turns":5},{"damage":46,"enemies":"Cultist and Chosen","floor":25,"turns":8}],"seed_played":"4002932718917000292","potions_obtained":[{"floor":3,"key":"ColorlessPotion"},{"floor":8,"key":"PowerPotion"},{"floor":14,"key":"Energy Potion"},{"floor":21,"key":"PowerPotion"},{"floor":23,"key":"SneckoOil"}],"is_trial":false,"path_per_floor":["M","?","M","?","$","R","E","M","T","E","R","T","M","E","R","B",null,"M","M","$","M","$","E","R","M"],"character_chosen":"DEFECT","items_purchased":["Discovery","Toy Ornithopter"],"campfire_rested":3,"item_purchase_floors":[20,20],"current_hp_per_floor":[75,75,75,57,57,57,64,64,64,37,61,61,56,36,60,14,82,67,50,50,20,20,11,35,0],"gold":41,"neow_bonus":"THREE_ENEMY_KILL","is_prod":false,"is_daily":false,"chose_seed":false,"campfire_upgraded":1,"win_rate":0.0,"timestamp":1617770062,"path_taken":["M","?","M","?","$","R","E","M","T","E","R","?","?","E","R","BOSS","M","M","$","M","$","E","R","M"],"build_version":"2020-12-22","purchased_purges":3,"victory":false,"max_hp_per_floor":[75,75,75,75,75,75,82,82,82,82,82,82,82,82,82,82,82,82,82,82,82,82,82,82,82],"card_choices":[{"not_picked":["Turbo","Redo"],"picked":"Beam Cell","floor":1},{"not_picked":["Machine Learning","Turbo"],"picked":"Sweeping Beam","floor":3},{"not_picked":["Turbo","Stack"],"picked":"Lockon","floor":7},{"not_picked":["Static Discharge","Auto Shields"],"picked":"Conserve Battery","floor":8},{"not_picked":["Rainbow","Reinforced Body"],"picked":"Leap","floor":10},{"not_picked":["Go for the Eyes","Hologram"],"picked":"Streamline","floor":13},{"not_picked":["Stack","Go for the Eyes"],"picked":"Ball Lightning","floor":14},{"not_picked":["Reboot","Buffer"],"picked":"Seek","floor":16},{"not_picked":["Consume+1","Coolheaded"],"picked":"Rebound+1","floor":18},{"not_picked":["Storm+1","Force Field"],"picked":"Darkness","floor":19},{"not_picked":["Go for the Eyes","Steam"],"picked":"Chill","floor":21},{"not_picked":["Gash","Skim"],"picked":"Chaos","floor":23}],"player_experience":63789,"relics_obtained":[{"floor":7,"key":"Strawberry"},{"floor":9,"key":"Vajra"},{"floor":10,"key":"Pen Nib"},{"floor":12,"key":"Tiny Chest"},{"floor":14,"key":"Blood Vial"},{"floor":23,"key":"Matryoshka"}],"event_choices":[{"damage_healed":0,"gold_gain":0,"player_choice":"Ignored","damage_taken":0,"max_hp_gain":0,"max_hp_loss":0,"event_name":"Liars Game","floor":2,"gold_loss":0},{"damage_healed":0,"gold_gain":0,"player_choice":"Take Damage","damage_taken":18,"relics_obtained":["Golden Idol"],"max_hp_gain":0,"max_hp_loss":0,"event_name":"Golden Idol","floor":4,"gold_loss":0}],"is_beta":false,"boss_relics":[{"not_picked":["Philosopher\u0027s Stone","Coffee Dripper","FrozenCore"]}],"items_purged_floors":[5,20,22],"is_endless":false,"potions_floor_spawned":[3,8,14,18,21,23],"killed_by":"Cultist and Chosen","ascension_level":0}