{"gold_per_floor":[117,117,20,30,43,75,91,110,163,163,177,177,177],"floor_reached":13,"playtime":706,"items_purged":[],"score":87,"play_id":"b1026292-8f6f-44a1-9892-61d0831176a8","local_time":"20210406215815","is_ascension_mode":false,"campfire_choices":[{"floor":10,"key":"REST"}],"neow_cost":"NONE","seed_source_timestamp":30605488260600,"circlet_count":0,"master_deck":["Strike_B","Strike_B","Strike_B","Strike_B","Defend_B","Defend_B","Defend_B","Zap","Dualcast","Multi-Cast","FTL","Trip","White Noise","Leap","Steam","Capacitor","Tempest","Conserve Battery"],"relics":["Cracked Core","Molten Egg 2","MealTicket"],"potions_floor_usage":[6,7],"damage_taken":[{"damage":1,"enemies":"Cultist","floor":1,"turns":3},{"damage":5,"enemies":"2 Louse","floor":4,"turns":2},{"damage":0,"enemies":"Small Slimes","floor":5,"turns":4},{"damage":35,"enemies":"3 Sentries","floor":6,"turns":9},{"damage":9,"enemies":"Gremlin Gang","floor":7,"turns":5},{"damage":12,"enemies":"2 Fungi Beasts","floor":8,"turns":4},{"damage":20,"enemies":"Lots of Slimes","floor":11,"turns":3},{"damage":10,"enemies":"3 Louse","floor":13,"turns":1}],"seed_played":"3683777026415171176","potions_obtained":[{"floor":4,"key":"Dexterity Potion"},{"floor":5,"key":"Swift Potion"},{"floor":6,"key":"SteroidPotion"},{"floor":11,"key":"FearPotion"}],"is_trial":false,"path_per_floor":["M","?","$","M","M","E","M","M","T","R","M","?","M"],"character_chosen":"DEFECT","items_purchased":["Trip"],"campfire_rested":1,"item_purchase_floors":[3],"current_hp_per_floor":[74,74,74,69,69,34,25,13,13,35,15,8,0],"gold":177,"neow_bonus":"ONE_RANDOM_RARE_CARD","is_prod":false,"is_daily":false,"chose_seed":false,"campfire_upgraded":0,"win_rate":0.0,"timestamp":1617760695,"path_taken":["M","?","$","M","M","E","M","M","T","R","M","?","M"],"build_version":"2020-12-22","purchased_purges":0,"victory":false,"max_hp_per_floor":[75,75,75,75,75,75,75,75,75,75,75,75,75],"card_choices":[{"not_picked":["Go for the Eyes","Stack"],"picked":"FTL","floor":1},{"not_picked":["Rebound","Undo"],"picked":"White Noise","floor":4},{"not_picked":["Steam Power","Redo"],"picked":"Leap","floor":5},{"not_picked":["Genetic Algorithm","Storm"],"picked":"Steam","floor":6},{"not_picked":["Turbo","Force Field"],"picked":"Capacitor","floor":7},{"not_picked":["Darkness","BootSequence"],"picked":"Tempest","floor":8},{"not_picked":["Consume","Gash+1"],"picked":"Conserve Battery","floor":11}],"player_experience":55454,"relics_obtained":[{"floor":6,"key":"Molten Egg 2"},{"floor":9,"key":"MealTicket"}],"event_choices":[{"damage_healed":0,"gold_gain":0,"player_choice":"Ignored","damage_taken":0,"max_hp_gain":0,"max_hp_loss":0,"event_name":"Liars Game","floor":2,"gold_loss":0},{"cards_removed":["Defend_B"],"damage_healed":0,"gold_gain":0,"player_choice":"Card Removal","damage_taken":7,"max_hp_gain":0,"max_hp_loss":0,"event_name":"Golden Wing","floor":12,"gold_loss":0}],"is_beta":false,"boss_relics":[],"items_purged_floors":[],"is_endless":false,"potions_floor_spawned":[4,5,6,11],"killed_by":"3 Louse","ascension_level":0}