{"gold_per_floor":[117,134,134,134,149,149,35,68,68,106,46,46,46,74,74,180,180,199,208,233,260,175,175,212,212,212,237,10,10,52,75,75,75],"floor_reached":33,"playtime":1621,"items_purged":["Strike_B"],"score":444,"play_id":"015ef212-991b-4c74-a6c5-59c72ac3e3dd","local_time":"20210429185119","is_ascension_mode":true,"campfire_choices":[{"data":"Zap","floor":6,"key":"SMITH"},{"data":"Cold Snap","floor":12,"key":"SMITH"},{"data":"Undo","floor":15,"key":"SMITH"},{"data":"Doom and Gloom","floor":23,"key":"SMITH"},{"data":"Electrodynamics","floor":25,"key":"SMITH"},{"floor":32,"key":"REST"}],"neow_cost":"NONE","seed_source_timestamp":866403169322000,"circlet_count":0,"master_deck":["Strike_B","Strike_B","Strike_B","Defend_B","Defend_B","Defend_B","Defend_B","Zap+1","Dualcast","Undo+1","Coolheaded","Loop","Leap","Skim","Cold Snap+1","Loop","Electrodynamics+1","Chill","Doom and Gloom+1","Coolheaded","Barrage","Hologram+1","Lockon","Cold Snap","Defragment"],"relics":["Cracked Core","The Courier","DataDisk","PreservedInsect","Sundial","CeramicFish","Runic Pyramid","Orichalcum","Regal Pillow","Ornamental Fan","Tiny Chest","Membership Card","Anchor","InkBottle"],"potions_floor_usage":[30,33,33],"damage_taken":[{"damage":4,"enemies":"Small Slimes","floor":1,"turns":3},{"damage":2,"enemies":"2 Louse","floor":2,"turns":3},{"damage":3,"enemies":"Cultist","floor":5,"turns":4},{"damage":11,"enemies":"3 Sentries","floor":8,"turns":8},{"damage":2,"enemies":"Lagavulin","floor":10,"turns":7},{"damage":1,"enemies":"Red Slaver","floor":14,"turns":3},{"damage":0,"enemies":"The Guardian","floor":16,"turns":14},{"damage":9,"enemies":"3 Byrds","floor":18,"turns":3},{"damage":0,"enemies":"Chosen","floor":20,"turns":4},{"damage":2,"enemies":"Snecko","floor":21,"turns":5},{"damage":0,"enemies":"Gremlin Leader","floor":24,"turns":7},{"damage":44,"enemies":"Slavers","floor":27,"turns":4},{"damage":17,"enemies":"Book of Stabbing","floor":30,"turns":6},{"damage":0,"enemies":"Cultist and Chosen","floor":31,"turns":4},{"damage":51,"enemies":"Champ","floor":33,"turns":10}],"seed_played":"-1467066514407735480","potions_obtained":[{"floor":0,"key":"Strength Potion"},{"floor":0,"key":"SneckoOil"},{"floor":0,"key":"SteroidPotion"},{"floor":10,"key":"DuplicationPotion"},{"floor":18,"key":"Energy Potion"},{"floor":31,"key":"LiquidBronze"}],"is_trial":false,"path_per_floor":["M","M","?","?","M","R","$","E","T","E","$","R","$","M","R","B",null,"M","?","M","M","?","R","E","R","T","E","$","$","E","M","R","B"],"character_chosen":"DEFECT","items_purchased":["DataDisk","Lockon","Membership Card","Anchor","Block Potion"],"campfire_rested":1,"item_purchase_floors":[7,28,28,28,28],"current_hp_per_floor":[71,69,66,66,63,63,63,52,52,50,50,50,50,49,49,49,75,66,66,66,64,64,64,64,64,64,20,20,20,3,3,40,0],"gold":75,"neow_bonus":"THREE_SMALL_POTIONS","is_prod":false,"is_daily":false,"chose_seed":false,"campfire_upgraded":5,"win_rate":0,"timestamp":1619736679,"path_taken":["M","M","?","?","?","R","$","E","T","E","?","R","?","M","R","BOSS","M","?","M","M","?","R","E","R","T","E","?","$","E","?","R","BOSS"],"build_version":"2020-12-22","purchased_purges":1,"victory":false,"max_hp_per_floor":[75,75,75,75,75,75,75,75,75,75,75,75,75,75,75,75,75,75,75,75,75,75,75,75,75,75,75,75,75,75,75,75,75],"card_choices":[{"not_picked":["Barrage","Stack"],"picked":"Undo","floor":1},{"not_picked":["Stack","Go for the Eyes"],"picked":"Coolheaded","floor":2},{"not_picked":["Redo","Turbo"],"picked":"Leap","floor":5},{"not_picked":["Beam Cell","Storm"],"picked":"Skim","floor":8},{"not_picked":["Conserve Battery","Melter"],"picked":"Cold Snap","floor":10},{"not_picked":["Leap","Steam"],"picked":"Loop","floor":14},{"not_picked":["All For One","Amplify"],"picked":"Electrodynamics","floor":16},{"not_picked":["BootSequence+1","Coolheaded"],"picked":"Chill","floor":18},{"not_picked":["Barrage","Hello World"],"picked":"Coolheaded","floor":20},{"not_picked":["Coolheaded","Force Field"],"picked":"Barrage","floor":21},{"not_picked":["Cold Snap","Turbo"],"picked":"Hologram+1","floor":24},{"not_picked":["Auto Shields","Recycle","Rebound+1"],"picked":"SKIP","floor":27},{"not_picked":["Sweeping Beam","Hyperbeam"],"picked":"Cold Snap","floor":30},{"not_picked":["Chaos","Redo"],"picked":"Defragment","floor":31}],"player_experience":246282,"relics_obtained":[{"floor":8,"key":"PreservedInsect"},{"floor":9,"key":"Sundial"},{"floor":10,"key":"CeramicFish"},{"floor":24,"key":"Regal Pillow"},{"floor":26,"key":"Ornamental Fan"},{"floor":27,"key":"Tiny Chest"},{"floor":30,"key":"InkBottle"}],"event_choices":[{"damage_healed":0,"gold_gain":0,"player_choice":"Success","damage_taken":3,"relics_obtained":["The Courier"],"max_hp_gain":0,"max_hp_loss":0,"event_name":"Scrap Ooze","floor":3,"gold_loss":0},{"damage_healed":0,"gold_gain":0,"player_choice":"1 cards matched","damage_taken":0,"max_hp_gain":0,"max_hp_loss":0,"event_name":"Match and Keep!","floor":4,"gold_loss":0,"cards_obtained":["Loop"]},{"damage_healed":0,"gold_gain":0,"player_choice":"Read","damage_taken":0,"max_hp_gain":0,"max_hp_loss":0,"event_name":"The Library","floor":19,"gold_loss":0,"cards_obtained":["Doom and Gloom"]},{"damage_healed":0,"gold_gain":0,"player_choice":"Obtained Relic","damage_taken":0,"relics_obtained":["Orichalcum"],"max_hp_gain":0,"max_hp_loss":0,"event_name":"Addict","floor":22,"gold_loss":85}],"is_beta":false,"boss_relics":[{"not_picked":["Tiny House","Cursed Key"],"picked":"Runic Pyramid"}],"items_purged_floors":[11],"is_endless":false,"potions_floor_spawned":[10,18,27,31],"killed_by":"Champ","ascension_level":3}