{"gold_per_floor":[368,379,209,240,280,334,334,299,299,299,351,405,405,431,431,553,553,589,318,233,233,61,106,119,119,142,142,210,226,276,287,287,411,411,430,446,459,120,120,149,192,192,240,270,287,326,382,426,426,426,426,426,29,89,89],"floor_reached":56,"playtime":5236,"items_purged":["Strike_B","Defend_B","Strike_B"],"score":1454,"play_id":"bc02901e-f763-4cfd-91de-420157e304cd","local_time":"20210428040718","is_ascension_mode":true,"campfire_choices":[{"floor":7,"key":"REST"},{"floor":13,"key":"REST"},{"data":"Defragment","floor":15,"key":"SMITH"},{"data":"HandOfGreed","floor":25,"key":"SMITH"},{"data":"Leap","floor":27,"key":"SMITH"},{"floor":32,"key":"REST"},{"floor":42,"key":"RECALL"},{"floor":49,"key":"REST"},{"floor":52,"key":"REST"}],"neow_cost":"PERCENT_DAMAGE","seed_source_timestamp":723326856260800,"circlet_count":0,"master_deck":["Strike_B","Strike_B","Defend_B","Defend_B","Defend_B","Zap+1","Dualcast","Beam Cell","Doom and Gloom","HandOfGreed+1","Hologram","Compile Driver","Coolheaded","Defragment+1","Coolheaded","Compile Driver","Electrodynamics","Ball Lightning+1","Leap+1","Go for the Eyes","Fusion+1","Coolheaded","Auto Shields+1","Chill+1","Glacier","Core Surge","Leap+1","Barrage+1","Genetic Algorithm","Steam Power+1","Stack+1","Barrage+1","Redo+1","Aggregate","Redo","Compile Driver"],"relics":["Cracked Core","Centennial Puzzle","Symbiotic Virus","Calipers","Anchor","SlaversCollar","Potion Belt","Nloth\u0027s Gift","Runic Capacitor","Strawberry","Mercury Hourglass","Fusion Hammer","Pen Nib","Shuriken","Happy Flower","Smiling Mask","Oddly Smooth Stone","Toolbox","Akabeko"],"potions_floor_usage":[11,11,14,16,29,33,46,54,54,55,55,55],"damage_taken":[{"damage":5,"enemies":"2 Louse","floor":1,"turns":2},{"damage":0,"enemies":"Small Slimes","floor":2,"turns":2},{"damage":6,"enemies":"Cultist","floor":4,"turns":4},{"damage":0,"enemies":"2 Fungi Beasts","floor":5,"turns":2},{"damage":36,"enemies":"3 Sentries","floor":6,"turns":7},{"damage":20,"enemies":"Lagavulin","floor":11,"turns":8},{"damage":3,"enemies":"Exordium Thugs","floor":12,"turns":4},{"damage":4,"enemies":"Gremlin Nob","floor":14,"turns":3},{"damage":21,"enemies":"The Guardian","floor":16,"turns":10},{"damage":4,"enemies":"Chosen","floor":18,"turns":4},{"damage":0,"enemies":"Gremlin Leader","floor":23,"turns":5},{"damage":7,"enemies":"Shell Parasite","floor":24,"turns":5},{"damage":27,"enemies":"Shelled Parasite and Fungi","floor":28,"turns":6},{"damage":10,"enemies":"Snake Plant","floor":29,"turns":3},{"damage":15,"enemies":"Slavers","floor":30,"turns":5},{"damage":4,"enemies":"Cultist and Chosen","floor":31,"turns":6},{"damage":11,"enemies":"Automaton","floor":33,"turns":12},{"damage":15,"enemies":"Orb Walker","floor":35,"turns":3},{"damage":0,"enemies":"3 Darklings","floor":36,"turns":5},{"damage":0,"enemies":"Transient","floor":37,"turns":5},{"damage":0,"enemies":"Giant Head","floor":40,"turns":7},{"damage":0,"enemies":"4 Shapes","floor":41,"turns":8},{"damage":5,"enemies":"Nemesis","floor":44,"turns":9},{"damage":5,"enemies":"Spire Growth","floor":45,"turns":4},{"damage":10,"enemies":"Writhing Mass","floor":46,"turns":3},{"damage":0,"enemies":"Reptomancer","floor":47,"turns":5},{"damage":0,"enemies":"Sphere and 2 Shapes","floor":48,"turns":4},{"damage":1,"enemies":"Donu and Deca","floor":50,"turns":7},{"damage":27,"enemies":"Shield and Spear","floor":54,"turns":6},{"damage":42,"enemies":"The Heart","floor":55,"turns":9}],"seed_played":"5038023302295187440","potions_obtained":[{"floor":4,"key":"FocusPotion"},{"floor":5,"key":"PowerPotion"},{"floor":6,"key":"AttackPotion"},{"floor":14,"key":"LiquidBronze"},{"floor":28,"key":"PowerPotion"},{"floor":29,"key":"Strength Potion"},{"floor":33,"key":"AttackPotion"},{"floor":44,"key":"SkillPotion"},{"floor":45,"key":"BlessingOfTheForge"},{"floor":46,"key":"Ancient Potion"},{"floor":47,"key":"Weak Potion"}],"is_trial":false,"path_per_floor":["M","M","$","M","M","E","R","?","T","?","E","M","R","E","R","B",null,"M","$","?","?","$","E","M","R","T","R","M","M","E","M","R","B",null,"M","M","M","$","?","E","M","R","T","E","M","M","E","M","R","B",null,"R","$","E","B",null],"character_chosen":"DEFECT","items_purchased":["HandOfGreed","Potion Belt","Leap","Runic Capacitor","Go for the Eyes","Pen Nib","Genetic Algorithm","ColorlessPotion","Redo","CultistPotion","AttackPotion","Toolbox"],"campfire_rested":5,"item_purchase_floors":[3,19,19,22,22,38,38,38,53,53,53,53],"current_hp_per_floor":[49,49,49,43,43,7,29,47,47,47,27,24,46,42,42,21,75,71,71,71,71,71,78,71,71,71,71,44,34,19,15,39,28,82,67,67,67,67,67,67,67,67,67,62,57,47,47,47,71,70,82,82,82,55,13],"gold":89,"neow_bonus":"TWO_FIFTY_GOLD","is_prod":false,"is_daily":false,"chose_seed":false,"campfire_upgraded":3,"win_rate":0,"timestamp":1619597238,"path_taken":["M","M","$","M","M","E","R","?","T","?","E","M","R","E","R","BOSS","M","$","?","?","$","E","?","R","T","R","M","M","E","M","R","BOSS","M","M","M","$","?","E","M","R","T","E","M","M","E","M","R","BOSS","R","$","E","BOSS"],"build_version":"2020-12-22","purchased_purges":3,"victory":true,"max_hp_per_floor":[75,75,75,75,75,75,75,75,75,75,75,75,75,75,75,75,75,75,75,75,75,75,82,82,82,82,82,82,82,82,82,82,82,82,82,82,82,82,82,82,82,82,82,82,82,82,82,82,82,82,82,82,82,82,82],"card_choices":[{"not_picked":["Barrage","Steam"],"picked":"Beam Cell","floor":1},{"not_picked":["Streamline","Scrape"],"picked":"Doom and Gloom","floor":2},{"not_picked":["Tempest","Stack"],"picked":"Hologram","floor":4},{"not_picked":["Consume","Self Repair"],"picked":"Compile Driver","floor":5},{"not_picked":["Hologram","Loop"],"picked":"Coolheaded","floor":6},{"not_picked":["Barrage","Steam"],"picked":"Defragment","floor":11},{"not_picked":["Barrage","Redo"],"picked":"Coolheaded","floor":12},{"not_picked":["Electrodynamics","BootSequence"],"picked":"Compile Driver","floor":14},{"not_picked":["All For One","Fission"],"picked":"Electrodynamics","floor":16},{"not_picked":["Auto Shields","Steam"],"picked":"Ball Lightning+1","floor":18},{"not_picked":["Biased Cognition","Consume"],"picked":"Fusion+1","floor":23},{"not_picked":["Rebound","Barrage"],"picked":"Coolheaded","floor":24},{"not_picked":["Melter+1","Go for the Eyes"],"picked":"Auto Shields+1","floor":28},{"not_picked":["Streamline","Sweeping Beam","Turbo+1"],"picked":"SKIP","floor":29},{"not_picked":["Streamline+1","Reprogram+1"],"picked":"Chill+1","floor":30},{"not_picked":["Turbo","Hologram"],"picked":"Glacier","floor":31},{"not_picked":["Creative AI","Amplify"],"picked":"Core Surge","floor":33},{"not_picked":["Hologram","Cold Snap","Streamline+1"],"picked":"SKIP","floor":35},{"not_picked":["Rip and Tear+1","Ball Lightning+1"],"picked":"Leap+1","floor":36},{"not_picked":["Scrape","Blizzard+1"],"picked":"Barrage+1","floor":37},{"not_picked":["Coolheaded+1","Steam"],"picked":"Steam Power+1","floor":40},{"not_picked":["Barrage","Rip and Tear"],"picked":"Stack+1","floor":41},{"not_picked":["Go for the Eyes","BootSequence"],"picked":"Barrage+1","floor":44},{"not_picked":["Reboot","Force Field"],"picked":"Redo+1","floor":45},{"not_picked":["Chill+1","Cold Snap+1"],"picked":"Aggregate","floor":46},{"not_picked":["Reprogram","Steam","Go for the Eyes"],"picked":"SKIP","floor":47},{"not_picked":["Rebound+1","Steam+1","All For One"],"picked":"SKIP","floor":48},{"not_picked":["FTL","Rebound+1"],"picked":"Compile Driver","floor":54}],"player_experience":220264,"relics_obtained":[{"floor":6,"key":"Centennial Puzzle"},{"floor":9,"key":"Symbiotic Virus"},{"floor":11,"key":"Calipers"},{"floor":14,"key":"Anchor"},{"floor":23,"key":"Strawberry"},{"floor":30,"key":"Mercury Hourglass"},{"floor":40,"key":"Shuriken"},{"floor":43,"key":"Happy Flower"},{"floor":44,"key":"Smiling Mask"},{"floor":47,"key":"Oddly Smooth Stone"},{"floor":54,"key":"Akabeko"}],"event_choices":[{"damage_healed":18,"gold_gain":0,"player_choice":"Healed","damage_taken":0,"max_hp_gain":0,"max_hp_loss":0,"event_name":"The Cleric","floor":8,"gold_loss":35},{"damage_healed":0,"gold_gain":0,"player_choice":"Ignored","damage_taken":0,"max_hp_gain":0,"max_hp_loss":0,"event_name":"Liars Game","floor":10,"gold_loss":0},{"damage_healed":0,"gold_gain":0,"player_choice":"Obtained Relic","damage_taken":0,"relics_obtained":["Bronze Scales"],"max_hp_gain":0,"max_hp_loss":0,"event_name":"Addict","floor":20,"gold_loss":85},{"damage_healed":0,"gold_gain":0,"player_choice":"Traded Relic","damage_taken":0,"relics_obtained":["Nloth\u0027s Gift"],"max_hp_gain":0,"max_hp_loss":0,"event_name":"N\u0027loth","floor":21,"relics_lost":["Bronze Scales"],"gold_loss":0},{"damage_healed":0,"gold_gain":0,"player_choice":"Upgraded","damage_taken":0,"max_hp_gain":0,"max_hp_loss":0,"event_name":"Upgrade Shrine","floor":39,"gold_loss":0,"cards_upgraded":["Zap"]}],"is_beta":false,"boss_relics":[{"not_picked":["Cursed Key","Sozu"],"picked":"SlaversCollar"},{"not_picked":["Tiny House","Philosopher\u0027s Stone"],"picked":"Fusion Hammer"}],"items_purged_floors":[19,38,53],"is_endless":false,"potions_floor_spawned":[4,5,6,14,28,29,33,44,45,46,47],"ascension_level":2}