{"gold_per_floor":[118,129,129,129,149,149,160,191,240,240,240,254,254,267,267,390,390,410,335,20,38,63,63,84,117,143,174,199,242,254,290,302,445,457,493,297,630,630,630,630,663,663,663,663,344,344,358,129,129,129],"floor_reached":51,"playtime":2399,"items_purged":["Beam Cell","Gash","Rip and Tear"],"score":777,"play_id":"82ff835c-a8f6-4818-b7af-4585d70e2372","local_time":"20210515014732","is_ascension_mode":true,"campfire_choices":[{"data":"Consume","floor":6,"key":"SMITH"},{"data":"Sweeping Beam","floor":11,"key":"SMITH"},{"data":"Glacier","floor":15,"key":"SMITH"},{"data":"Coolheaded","floor":23,"key":"SMITH"},{"floor":32,"key":"REST"},{"data":"Coolheaded","floor":40,"key":"SMITH"},{"data":"Leap","floor":42,"key":"SMITH"},{"data":"Dualcast","floor":44,"key":"SMITH"},{"data":"Dark Shackles","floor":46,"key":"SMITH"},{"data":"Aggregate","floor":49,"key":"SMITH"}],"neow_cost":"NONE","seed_source_timestamp":162485470536300,"circlet_count":0,"master_deck":["Zap+1","Dualcast+1","Consume+1","Chill","Glacier+1","Chill","Sweeping Beam+1","Leap+1","Conserve Battery","Machine Learning+1","Sweeping Beam+1","Static Discharge+1","Coolheaded+1","Ball Lightning+1","Hologram+1","Loop+1","Coolheaded+1","Redo+1","Chill+1","Rip and Tear","Static Discharge+1","Defragment+1","Creative AI+1","Steam+1","Capacitor+1","Dark Shackles+1","Panache+1","Turbo+1","Loop+1","Aggregate+1"],"relics":["Cracked Core","Toy Ornithopter","Frozen Egg 2","War Paint","Pen Nib","Philosopher\u0027s Stone","Membership Card","Mercury Hourglass","Red Mask","MawBank","Tiny Chest","Pandora\u0027s Box","FossilizedHelix","Pear","Blue Candle","Pocketwatch","Lantern","Strawberry","Frozen Eye","DataDisk"],"potions_floor_usage":[8,16,16,33,50],"damage_taken":[{"damage":2,"enemies":"Small Slimes","floor":1,"turns":4},{"damage":3,"enemies":"Jaw Worm","floor":2,"turns":3},{"damage":2,"enemies":"2 Louse","floor":5,"turns":3},{"damage":10,"enemies":"Exordium Wildlife","floor":7,"turns":10},{"damage":3,"enemies":"3 Sentries","floor":8,"turns":10},{"damage":0,"enemies":"Looter","floor":12,"turns":4},{"damage":0,"enemies":"Blue Slaver","floor":14,"turns":2},{"damage":10,"enemies":"The Guardian","floor":16,"turns":13},{"damage":11,"enemies":"3 Byrds","floor":18,"turns":6},{"damage":1,"enemies":"Shell Parasite","floor":21,"turns":5},{"damage":3,"enemies":"Centurion and Healer","floor":22,"turns":5},{"damage":0,"enemies":"Snecko","floor":24,"turns":4},{"damage":10,"enemies":"Masked Bandits","floor":25,"turns":3},{"damage":11,"enemies":"Chosen and Byrds","floor":27,"turns":5},{"damage":6,"enemies":"Snake Plant","floor":28,"turns":4},{"damage":10,"enemies":"Book of Stabbing","floor":29,"turns":5},{"damage":0,"enemies":"Shelled Parasite and Fungi","floor":31,"turns":5},{"damage":16,"enemies":"Champ","floor":33,"turns":9},{"damage":4,"enemies":"3 Shapes","floor":35,"turns":3},{"damage":5,"enemies":"Nemesis","floor":41,"turns":7},{"damage":4,"enemies":"3 Darklings","floor":47,"turns":6},{"damage":10,"enemies":"Awakened One","floor":50,"turns":10}],"seed_played":"1457775743234945988","potions_obtained":[{"floor":5,"key":"EssenceOfSteel"},{"floor":7,"key":"Explosive Potion"},{"floor":8,"key":"CultistPotion"},{"floor":14,"key":"Swift Potion"},{"floor":21,"key":"DistilledChaos"},{"floor":24,"key":"DistilledChaos"},{"floor":25,"key":"Fire Potion"},{"floor":33,"key":"Fire Potion"},{"floor":41,"key":"AttackPotion"}],"is_trial":false,"path_per_floor":["M","M","?","?","M","R","M","E","T","?","R","M","?","M","R","B",null,"M","?","$","M","M","R","M","?","T","M","M","E","?","M","R","B",null,"M","$","?","?","T","R","E","R","T","R","$","R","M","$","R","B",null],"character_chosen":"DEFECT","items_purchased":["Membership Card","Static Discharge+1","Coolheaded","Mercury Hourglass","Capacitor+1","FossilizedHelix","Lantern","Loop+1","Strawberry","Frozen Eye","DataDisk","EntropicBrew","Aggregate"],"campfire_rested":1,"item_purchase_floors":[20,20,20,20,36,36,45,45,45,45,48,48,48],"current_hp_per_floor":[73,70,70,67,65,65,55,57,57,50,50,50,32,32,32,32,75,64,64,64,63,60,60,60,50,50,39,33,23,23,23,45,34,75,71,71,71,61,71,71,66,66,66,66,73,73,69,69,69,64],"gold":129,"neow_bonus":"RANDOM_COMMON_RELIC","is_prod":false,"is_daily":false,"chose_seed":false,"campfire_upgraded":9,"win_rate":0,"timestamp":1621057652,"path_taken":["M","M","?","?","M","R","M","E","T","?","R","M","?","M","R","BOSS","M","?","$","M","M","R","M","?","T","M","M","E","?","M","R","BOSS","M","$","?","?","?","R","E","R","T","R","?","R","?","$","R","BOSS"],"build_version":"2020-12-22","purchased_purges":3,"victory":true,"max_hp_per_floor":[75,75,75,75,75,75,75,75,75,75,75,75,75,75,75,75,75,75,75,75,75,75,75,75,75,75,75,75,75,75,75,75,75,75,75,75,75,75,85,85,85,85,85,85,92,92,92,92,92,92],"card_choices":[{"not_picked":["Steam","Turbo","Hello World"],"picked":"SKIP","floor":1},{"not_picked":["Leap","Beam Cell"],"picked":"Consume","floor":2},{"not_picked":["Hello World+1","Go for the Eyes"],"picked":"Glacier","floor":5},{"not_picked":["Turbo","Steam Power"],"picked":"Chill","floor":7},{"not_picked":["Buffer+1","White Noise"],"picked":"Sweeping Beam","floor":8},{"not_picked":["Streamline","Chaos"],"picked":"Leap","floor":12},{"not_picked":["Ball Lightning","Scrape"],"picked":"Conserve Battery","floor":14},{"not_picked":["Buffer+1","Fission"],"picked":"Machine Learning+1","floor":16},{"not_picked":["Hello World+1","Go for the Eyes"],"picked":"Sweeping Beam+1","floor":18},{"not_picked":["Barrage","Glacier"],"picked":"Ball Lightning+1","floor":21},{"not_picked":["Leap","Barrage"],"picked":"Hologram+1","floor":22},{"not_picked":["FTL","Reboot"],"picked":"Loop+1","floor":24},{"not_picked":["Beam Cell","Hologram+1"],"picked":"Coolheaded","floor":25},{"not_picked":["Cold Snap","Gash","Hologram+1"],"picked":"SKIP","floor":27},{"not_picked":["Conserve Battery+1","Stack"],"picked":"Redo+1","floor":28},{"not_picked":["Hello World+1","Auto Shields"],"picked":"Chill+1","floor":29},{"not_picked":["Darkness+1","Rip and Tear"],"picked":"Defragment+1","floor":31},{"not_picked":["Machine Learning+1","Reboot"],"picked":"Creative AI+1","floor":33},{"not_picked":["Redo","Gash+1"],"picked":"Steam+1","floor":35},{"not_picked":["Bandage Up","Thinking Ahead"],"picked":"Dark Shackles","floor":38},{"not_picked":["Blind","Sadistic Nature+1"],"picked":"Panache+1","floor":38},{"not_picked":["Streamline+1","Coolheaded"],"picked":"Turbo+1","floor":41},{"not_picked":["Compile Driver","Sweeping Beam","Go for the Eyes"],"picked":"SKIP","floor":47}],"player_experience":359557,"relics_obtained":[{"floor":8,"key":"War Paint"},{"floor":9,"key":"Pen Nib"},{"floor":25,"key":"Red Mask"},{"floor":26,"key":"MawBank"},{"floor":29,"key":"Tiny Chest"},{"floor":39,"key":"Pear"},{"floor":41,"key":"Blue Candle"},{"floor":43,"key":"Pocketwatch"}],"event_choices":[{"damage_healed":0,"gold_gain":0,"cards_transformed":["Strike_B"],"player_choice":"Change","damage_taken":0,"max_hp_gain":0,"max_hp_loss":0,"event_name":"Living Wall","floor":3,"gold_loss":0,"cards_obtained":["Chill"]},{"damage_healed":0,"gold_gain":0,"player_choice":"Success","damage_taken":3,"relics_obtained":["Frozen Egg 2"],"max_hp_gain":0,"max_hp_loss":0,"event_name":"Scrap Ooze","floor":4,"gold_loss":0},{"cards_removed":["Defend_B"],"damage_healed":0,"gold_gain":0,"player_choice":"Card Removal","damage_taken":7,"max_hp_gain":0,"max_hp_loss":0,"event_name":"Golden Wing","floor":10,"gold_loss":0},{"damage_healed":0,"gold_gain":0,"player_choice":"Take Damage","damage_taken":18,"relics_obtained":["Golden Idol"],"max_hp_gain":0,"max_hp_loss":0,"event_name":"Golden Idol","floor":13,"gold_loss":0},{"cards_removed":["Defend_B"],"damage_healed":0,"gold_gain":0,"player_choice":"Gave Gold","damage_taken":0,"max_hp_gain":0,"max_hp_loss":0,"event_name":"Beggar","floor":19,"gold_loss":75},{"damage_healed":0,"gold_gain":0,"player_choice":"Fought Bandits","damage_taken":0,"max_hp_gain":0,"max_hp_loss":0,"event_name":"Masked Bandits","floor":25,"gold_loss":0},{"damage_healed":0,"gold_gain":0,"cards_transformed":["Defend_B","Strike_B"],"player_choice":"Became Test Subject","damage_taken":0,"max_hp_gain":0,"max_hp_loss":0,"event_name":"Drug Dealer","floor":30,"gold_loss":0,"cards_obtained":["Rip and Tear","Static Discharge"]},{"damage_healed":0,"gold_gain":333,"player_choice":"Gave Idol","damage_taken":0,"max_hp_gain":0,"max_hp_loss":0,"event_name":"The Moai Head","floor":37,"relics_lost":["Golden Idol"],"gold_loss":0},{"damage_healed":0,"gold_gain":0,"player_choice":"Memory 3","damage_taken":10,"max_hp_gain":0,"max_hp_loss":0,"event_name":"SensoryStone","floor":38,"gold_loss":0}],"is_beta":false,"boss_relics":[{"not_picked":["Cursed Key","FrozenCore"],"picked":"Philosopher\u0027s Stone"},{"not_picked":["SacredBark","Coffee Dripper"],"picked":"Pandora\u0027s Box"}],"items_purged_floors":[36,45,48],"is_endless":false,"potions_floor_spawned":[5,7,8,14,21,24,25,28,31,33,35,41],"ascension_level":1}