{"gold_per_floor":[119,129,142,112,128,128,158,176,203,220,220,249,249,324,324,427,427,441,457,148,148,166,166],"floor_reached":23,"playtime":1097,"items_purged":["Gash"],"score":213,"play_id":"8b662b06-da2c-42bf-88a9-69bdbc0b5b97","local_time":"20210515010715","is_ascension_mode":true,"campfire_choices":[{"data":"Ball Lightning","floor":6,"key":"SMITH"},{"floor":11,"key":"REST"},{"data":"Genetic Algorithm","floor":13,"key":"SMITH"},{"floor":15,"key":"REST"}],"neow_cost":"PERCENT_DAMAGE","seed_source_timestamp":161378413863500,"circlet_count":0,"master_deck":["Strike_B","Strike_B","Strike_B","Defend_B","Defend_B","Defend_B","Zap","Dualcast","Seek","Undo","Ball Lightning+1","Melter","Machine Learning","Lockon","Genetic Algorithm+1","Leap","Go for the Eyes","Biased Cognition","Capacitor","Loop","Cold Snap","Skim","Steam+1","Genetic Algorithm"],"relics":["Cracked Core","Prayer Wheel","Bag of Preparation","Smiling Mask","Empty Cage","Lee\u0027s Waffle"],"potions_floor_usage":[8,12,16,19,22,23],"damage_taken":[{"damage":2,"enemies":"Small Slimes","floor":1,"turns":4},{"damage":0,"enemies":"Cultist","floor":2,"turns":4},{"damage":0,"enemies":"Jaw Worm","floor":3,"turns":3},{"damage":6,"enemies":"Exordium Wildlife","floor":5,"turns":4},{"damage":17,"enemies":"3 Sentries","floor":7,"turns":6},{"damage":0,"enemies":"Large Slime","floor":8,"turns":4},{"damage":17,"enemies":"Lots of Slimes","floor":10,"turns":5},{"damage":14,"enemies":"Lagavulin","floor":12,"turns":6},{"damage":26,"enemies":"Slime Boss","floor":16,"turns":10},{"damage":0,"enemies":"Spheric Guardian","floor":18,"turns":3},{"damage":24,"enemies":"2 Thieves","floor":19,"turns":4},{"damage":37,"enemies":"Snake Plant","floor":22,"turns":6},{"damage":60,"enemies":"Slavers","floor":23,"turns":5}],"seed_played":"-3246293538449091397","potions_obtained":[{"floor":1,"key":"Ancient Potion"},{"floor":4,"key":"ColorlessPotion"},{"floor":4,"key":"LiquidMemories"},{"floor":7,"key":"Regen Potion"},{"floor":10,"key":"ColorlessPotion"},{"floor":18,"key":"Weak Potion"},{"floor":22,"key":"Block Potion"}],"is_trial":false,"path_per_floor":["M","M","M","?","M","R","E","M","T","M","R","E","R","?","R","B",null,"M","M","$","?","M","E"],"character_chosen":"DEFECT","items_purchased":["Lee\u0027s Waffle","Fruit Juice"],"campfire_rested":2,"item_purchase_floors":[20,20],"current_hp_per_floor":[52,52,52,52,46,46,29,41,41,24,46,32,32,21,43,17,75,75,51,82,82,50,0],"gold":166,"neow_bonus":"THREE_RARE_CARDS","is_prod":false,"is_daily":false,"chose_seed":false,"campfire_upgraded":2,"win_rate":0,"timestamp":1621055235,"path_taken":["M","M","M","?","M","R","E","M","T","?","R","E","R","?","R","BOSS","M","M","$","?","M","E"],"build_version":"2020-12-22","purchased_purges":1,"victory":false,"max_hp_per_floor":[75,75,75,75,75,75,75,75,75,75,75,75,75,75,75,75,75,75,75,82,82,87,87],"card_choices":[{"not_picked":["Buffer","Meteor Strike"],"picked":"Seek","floor":0},{"not_picked":["White Noise","Stack"],"picked":"Undo","floor":1},{"not_picked":["Redo","Coolheaded"],"picked":"Ball Lightning","floor":2},{"not_picked":["Stack","Streamline"],"picked":"Melter","floor":3},{"not_picked":["Hologram","Stack"],"picked":"Gash","floor":5},{"not_picked":["Rebound","Redo"],"picked":"Machine Learning","floor":7},{"not_picked":["Rebound","Stack"],"picked":"Lockon","floor":8},{"not_picked":["Coolheaded","FTL","Genetic Algorithm"],"picked":"SKIP","floor":8},{"not_picked":["Coolheaded","FTL"],"picked":"Genetic Algorithm","floor":8},{"not_picked":["Turbo","Beam Cell"],"picked":"Leap","floor":10},{"not_picked":["Force Field","Compile Driver","Beam Cell"],"picked":"SKIP","floor":10},{"not_picked":["Lockon","Leap"],"picked":"Go for the Eyes","floor":12},{"not_picked":["Amplify","Core Surge"],"picked":"Biased Cognition","floor":16},{"not_picked":["BootSequence","Hello World+1"],"picked":"Capacitor","floor":18},{"not_picked":["Hologram","Gash"],"picked":"Loop","floor":18},{"not_picked":["Blizzard","Streamline+1"],"picked":"Cold Snap","floor":19},{"not_picked":["Fusion","Reinforced Body"],"picked":"Skim","floor":19},{"not_picked":["Gash","Redo"],"picked":"Steam+1","floor":22},{"not_picked":["Scrape","Skim"],"picked":"Genetic Algorithm","floor":22}],"player_experience":358460,"relics_obtained":[{"floor":7,"key":"Prayer Wheel"},{"floor":9,"key":"Bag of Preparation"},{"floor":12,"key":"Smiling Mask"}],"event_choices":[{"damage_healed":0,"gold_gain":0,"player_choice":"Bought 2 Potions","damage_taken":0,"max_hp_gain":0,"max_hp_loss":0,"event_name":"The Woman in Blue","floor":4,"gold_loss":0},{"damage_healed":0,"gold_gain":75,"player_choice":"Gather Gold","damage_taken":11,"max_hp_gain":0,"max_hp_loss":0,"event_name":"World of Goop","floor":14,"gold_loss":0},{"damage_healed":0,"gold_gain":0,"player_choice":"Ignored","damage_taken":0,"max_hp_gain":0,"max_hp_loss":0,"event_name":"Ghosts","floor":21,"gold_loss":0}],"is_beta":false,"boss_relics":[{"not_picked":["Black Star","SacredBark"],"picked":"Empty Cage"}],"items_purged_floors":[20],"is_endless":false,"potions_floor_spawned":[1,5,7,10,18,22],"killed_by":"Slavers","ascension_level":1}