{"gold_per_floor":[112,112,112,10,23,23,49,63,63,11,30,46,46,80,80,176,176,186,204,218,237,237,237,263,263,340,340],"floor_reached":27,"playtime":1506,"items_purged":[],"score":292,"play_id":"d3eb0629-7cda-4a99-8dc0-5cb28e90629f","local_time":"20210520194358","is_ascension_mode":true,"campfire_choices":[{"data":"Genetic Algorithm","floor":6.0,"key":"SMITH"},{"floor":15.0,"key":"REST"},{"data":"Echo Form","floor":23,"key":"SMITH"},{"floor":25,"key":"REST"}],"neow_cost":"NONE","seed_source_timestamp":0,"circlet_count":0,"master_deck":["Strike_B","Strike_B","Strike_B","Defend_B","Defend_B","Defend_B","Defend_B+1","Zap+1","Dualcast","Genetic Algorithm+1","Cold Snap","Leap+1","Coolheaded","Ball Lightning","Turbo","Doom and Gloom","Capacitor","Echo Form+1","Compile Driver","Coolheaded","Conserve Battery","Loop"],"special_seed":0,"relics":["SacredBark","Bottled Flame","MealTicket","War Paint","Inserter","Turnip"],"potions_floor_usage":[18,19,24],"damage_taken":[{"damage":1.0,"enemies":"2 Louse","floor":1.0,"turns":4.0},{"damage":7.0,"enemies":"Jaw Worm","floor":5.0,"turns":4.0},{"damage":38.0,"enemies":"3 Sentries","floor":7.0,"turns":7.0},{"damage":3.0,"enemies":"Small Slimes","floor":8.0,"turns":4.0},{"damage":7.0,"enemies":"Red Slaver","floor":11.0,"turns":5.0},{"damage":3.0,"enemies":"Exordium Wildlife","floor":12.0,"turns":4.0},{"damage":19.0,"enemies":"Lagavulin","floor":14.0,"turns":6.0},{"damage":22.0,"enemies":"The Guardian","floor":16.0,"turns":13.0},{"damage":4,"enemies":"3 Byrds","floor":18,"turns":6},{"damage":22,"enemies":"2 Thieves","floor":19,"turns":5},{"damage":16,"enemies":"Centurion and Healer","floor":20,"turns":7},{"damage":31,"enemies":"Shelled Parasite and Fungi","floor":21,"turns":8},{"damage":14,"enemies":"Gremlin Leader","floor":24,"turns":7},{"damage":49,"enemies":"Book of Stabbing","floor":27,"turns":6}],"seed_played":"-2069315959000800671","potions_obtained":[{"floor":8.0,"key":"SmokeBomb"},{"floor":12.0,"key":"DuplicationPotion"},{"floor":14.0,"key":"CultistPotion"},{"floor":19,"key":"ColorlessPotion"},{"floor":20,"key":"Explosive Potion"},{"floor":21,"key":"DuplicationPotion"}],"is_trial":false,"path_per_floor":["M","?","?","$","M","R","E","M","T","$","M","M","?","E","R","B",null,"M","M","M","M","?","R","E","R","T","E"],"character_chosen":"DEFECT","items_purchased":["ColorlessPotion","Strength Potion","Block Potion"],"campfire_rested":2,"item_purchase_floors":[4,4,10],"current_hp_per_floor":[74,74,74,74,67,67,29,26,26,41,34,31,31,12,34,12,75,71,49,33,2,27,27,13,35,35,0],"gold":340,"neow_bonus":"BOSS_RELIC","is_prod":false,"is_daily":false,"chose_seed":false,"campfire_upgraded":2,"win_rate":0,"timestamp":1621554238,"path_taken":["M","?","?","$","M","R","E","M","T","$","M","M","?","E","R","BOSS","M","M","M","M","?","R","E","R","T","E"],"build_version":"2020-12-22","purchased_purges":0,"victory":false,"max_hp_per_floor":[75,75,75,75,75,75,75,75,75,75,75,75,75,75,75,75,75,75,75,75,75,75,75,75,75,75,75],"card_choices":[{"not_picked":["Redo","Blizzard"],"picked":"Genetic Algorithm","floor":1.0},{"not_picked":["Redo","Hologram"],"picked":"Leap","floor":5.0},{"not_picked":["Doom and Gloom","Sunder"],"picked":"Coolheaded","floor":7.0},{"not_picked":["Turbo","Conserve Battery"],"picked":"Ball Lightning","floor":8.0},{"not_picked":["Reprogram","Multi-Cast"],"picked":"Turbo","floor":11.0},{"not_picked":["Turbo","Steam Power"],"picked":"Doom and Gloom","floor":12.0},{"not_picked":["Stack","Lockon"],"picked":"Capacitor","floor":14.0},{"not_picked":["Reboot","Meteor Strike"],"picked":"Echo Form","floor":16.0},{"not_picked":["Streamline","Beam Cell"],"picked":"Compile Driver","floor":18},{"not_picked":["Conserve Battery","Barrage"],"picked":"Coolheaded","floor":19},{"not_picked":["Auto Shields","Skim+1"],"picked":"Conserve Battery","floor":20},{"not_picked":["Reprogram","Coolheaded","Skim"],"picked":"SKIP","floor":21},{"not_picked":["Streamline+1","All For One"],"picked":"Loop","floor":24}],"player_experience":373603,"relics_obtained":[{"floor":7.0,"key":"Bottled Flame"},{"floor":9.0,"key":"MealTicket"},{"floor":14.0,"key":"War Paint"},{"floor":24,"key":"Turnip"}],"event_choices":[{"damage_healed":0.0,"max_hp_gain":0.0,"max_hp_loss":0.0,"gold_gain":0.0,"event_name":"The Cleric","player_choice":"Leave","floor":2.0,"gold_loss":0.0,"damage_taken":0.0},{"damage_healed":0.0,"max_hp_gain":0.0,"max_hp_loss":0.0,"gold_gain":0.0,"cards_transformed":["Strike_B"],"event_name":"Living Wall","player_choice":"Change","floor":3.0,"gold_loss":0.0,"damage_taken":0.0,"cards_obtained":["Cold Snap"]},{"damage_healed":0.0,"max_hp_gain":0.0,"max_hp_loss":0.0,"gold_gain":0.0,"event_name":"Upgrade Shrine","player_choice":"Upgraded","floor":13.0,"gold_loss":0.0,"damage_taken":0.0,"cards_upgraded":["Zap"]},{"damage_healed":25,"gold_gain":0,"player_choice":"Heal","damage_taken":0,"max_hp_gain":0,"max_hp_loss":0,"event_name":"The Library","floor":22,"gold_loss":0}],"is_beta":false,"boss_relics":[{"not_picked":["Runic Pyramid","Philosopher\u0027s Stone"],"picked":"Inserter"}],"items_purged_floors":[],"is_endless":false,"potions_floor_spawned":[8,12,14,16,19,20,21],"killed_by":"Book of Stabbing","ascension_level":4}