{"gold_per_floor":[111,16,26,104,104,104,118,162,162,198,219,219,243,260,260,374,374,394,493,39,48,65,65,65],"floor_reached":24,"playtime":968,"items_purged":["Defend_B"],"score":258,"play_id":"9cf3d05f-21be-4e5a-9a20-ea35033665fc","local_time":"20210607172227","is_ascension_mode":true,"campfire_choices":[{"data":"Streamline","floor":6,"key":"SMITH"},{"floor":12,"key":"REST"},{"data":"Coolheaded","floor":15,"key":"SMITH"},{"data":"Hologram","floor":23,"key":"SMITH"}],"neow_cost":"NONE","seed_source_timestamp":2207186083427799,"circlet_count":0,"master_deck":["Strike_B","Strike_B","Strike_B","Strike_B","Defend_B","Defend_B","Defend_B","Zap","Dualcast","Streamline+1","Rebound","Beam Cell","Conserve Battery","FTL","Coolheaded+1","Go for the Eyes","Hologram+1","Genetic Algorithm","All For One","Hologram","Deep Breath","Gash"],"relics":["Cracked Core","Nunchaku","CeramicFish","Frozen Egg 2","Anchor","SlaversCollar","Medical Kit","Bronze Scales"],"potions_floor_usage":[],"damage_taken":[{"damage":1,"enemies":"Cultist","floor":1,"turns":3},{"damage":7,"enemies":"Jaw Worm","floor":3,"turns":2},{"damage":0,"enemies":"2 Louse","floor":7,"turns":2},{"damage":18,"enemies":"3 Sentries","floor":8,"turns":6},{"damage":14,"enemies":"Lagavulin","floor":10,"turns":5},{"damage":16,"enemies":"Gremlin Gang","floor":11,"turns":4},{"damage":0,"enemies":"3 Louse","floor":13,"turns":2},{"damage":0,"enemies":"2 Fungi Beasts","floor":14,"turns":3},{"damage":27,"enemies":"Hexaghost","floor":16,"turns":11},{"damage":11,"enemies":"Chosen","floor":18,"turns":5},{"damage":4,"enemies":"Spheric Guardian","floor":22,"turns":3},{"damage":48,"enemies":"Slavers","floor":24,"turns":3}],"seed_played":"3465667460196025296","potions_obtained":[{"floor":1,"key":"Dexterity Potion"},{"floor":10,"key":"SmokeBomb"},{"floor":14,"key":"FocusPotion"}],"is_trial":false,"path_per_floor":["M","$","M","?","?","R","M","E","T","E","M","R","M","M","R","B",null,"M","?","$","?","M","R","E"],"character_chosen":"DEFECT","items_purchased":["Rebound","Beam Cell","Medical Kit","Bronze Scales","Deep Breath"],"campfire_rested":1,"item_purchase_floors":[2,2,20,20,20],"current_hp_per_floor":[74,74,67,67,67,67,67,49,49,35,19,41,41,41,41,14,60,49,49,49,49,45,45,0],"gold":65,"neow_bonus":"RANDOM_COMMON_RELIC","is_prod":false,"is_daily":false,"chose_seed":false,"campfire_upgraded":3,"win_rate":0,"timestamp":1623100947,"path_taken":["M","?","M","?","?","R","M","E","T","E","M","R","M","?","R","BOSS","M","?","$","?","M","R","E"],"build_version":"2020-12-22","purchased_purges":1,"victory":false,"max_hp_per_floor":[75,75,75,75,75,75,75,75,75,75,75,75,75,75,75,75,75,75,75,75,75,75,75,75],"card_choices":[{"not_picked":["Skim","Go for the Eyes"],"picked":"Streamline","floor":1},{"not_picked":["Blizzard","Sweeping Beam"],"picked":"Conserve Battery","floor":3},{"not_picked":["Reprogram","Coolheaded"],"picked":"FTL","floor":7},{"not_picked":["Glacier","Force Field"],"picked":"Coolheaded","floor":8},{"not_picked":["Barrage","Machine Learning+1"],"picked":"Go for the Eyes","floor":10},{"not_picked":["Rebound","White Noise"],"picked":"Hologram","floor":11},{"not_picked":["Streamline","Ball Lightning"],"picked":"Genetic Algorithm","floor":13},{"not_picked":["Sweeping Beam","Static Discharge+1","Compile Driver"],"picked":"SKIP","floor":14},{"not_picked":["Thunder Strike","Machine Learning+1"],"picked":"All For One","floor":16},{"not_picked":["Turbo","Fusion"],"picked":"Hologram","floor":18},{"not_picked":["Cold Snap","Capacitor+1","Double Energy"],"picked":"SKIP","floor":22}],"player_experience":412531,"relics_obtained":[{"floor":8,"key":"CeramicFish"},{"floor":9,"key":"Frozen Egg 2"},{"floor":10,"key":"Anchor"}],"event_choices":[{"damage_healed":0,"gold_gain":78,"player_choice":"Gained Gold","damage_taken":0,"max_hp_gain":0,"max_hp_loss":0,"event_name":"Golden Wing","floor":4,"gold_loss":0},{"damage_healed":0,"gold_gain":0,"player_choice":"0 cards matched","damage_taken":0,"max_hp_gain":0,"max_hp_loss":0,"event_name":"Match and Keep!","floor":5,"gold_loss":0,"cards_obtained":[]},{"damage_healed":0,"gold_gain":99,"player_choice":"Stole From Cult","damage_taken":0,"max_hp_gain":0,"max_hp_loss":0,"event_name":"Nest","floor":19,"gold_loss":0},{"damage_healed":0,"gold_gain":0,"player_choice":"Read","damage_taken":0,"max_hp_gain":0,"max_hp_loss":0,"event_name":"The Library","floor":21,"gold_loss":0,"cards_obtained":["Gash"]}],"is_beta":false,"boss_relics":[{"not_picked":["Coffee Dripper","Philosopher\u0027s Stone"],"picked":"SlaversCollar"}],"items_purged_floors":[20],"is_endless":false,"potions_floor_spawned":[1,10,14,16,18,22],"killed_by":"Slavers","ascension_level":5}