{"gold_per_floor":[16,31,41,41,41,41,72,89,161,161,161,161,161,195,195,195],"floor_reached":16,"playtime":523,"items_purged":[],"score":140,"play_id":"89317fdb-3978-4ebf-a2fe-5ae803b9cedd","local_time":"20210704195940","is_ascension_mode":true,"campfire_choices":[{"data":"Zap","floor":6,"key":"SMITH"},{"floor":10,"key":"REST"},{"data":"Biased Cognition","floor":12,"key":"SMITH"},{"floor":15,"key":"REST"}],"neow_cost":"NO_GOLD","seed_source_timestamp":1666776694456600,"circlet_count":0,"master_deck":["Strike_B","Strike_B","Strike_B","Defend_B","Defend_B","Defend_B","Defend_B","Zap+1","Dualcast","Sweeping Beam","Genetic Algorithm","Conserve Battery","Meteor Strike","Coolheaded+1","Biased Cognition+1","Steam Power"],"relics":["Cracked Core","WingedGreaves","Girya","Gremlin Horn","Smiling Mask"],"potions_floor_usage":[8,14],"damage_taken":[{"damage":9,"enemies":"Small Slimes","floor":1,"turns":3},{"damage":1,"enemies":"Cultist","floor":2,"turns":3},{"damage":6,"enemies":"2 Louse","floor":3,"turns":2},{"damage":38,"enemies":"3 Sentries","floor":7,"turns":8},{"damage":0,"enemies":"Large Slime","floor":8,"turns":5},{"damage":22,"enemies":"Gremlin Nob","floor":14,"turns":4},{"damage":42,"enemies":"Hexaghost","floor":16,"turns":10}],"seed_played":"-785894838133952756","potions_obtained":[{"floor":3,"key":"BlessingOfTheForge"},{"floor":7,"key":"SpeedPotion"},{"floor":8,"key":"Energy Potion"},{"floor":14,"key":"GamblersBrew"}],"is_trial":false,"path_per_floor":["M","M","M","?","$","R","E","M","T","R","?","R","?","E","R","B"],"character_chosen":"DEFECT","items_purchased":[],"campfire_rested":2,"item_purchase_floors":[],"current_hp_per_floor":[59,58,52,52,52,52,14,14,14,36,36,36,36,14,36,0],"gold":195,"neow_bonus":"ONE_RARE_RELIC","is_prod":false,"is_daily":false,"chose_seed":false,"campfire_upgraded":2,"win_rate":0,"timestamp":1625443180,"path_taken":["M","M","M","?","?","R","E","M","T","R","?","R","?","E","R","BOSS"],"build_version":"2020-12-22","purchased_purges":0,"victory":false,"max_hp_per_floor":[75,75,75,75,75,75,75,75,75,75,75,75,75,75,75,75],"card_choices":[{"not_picked":["Hologram","Streamline"],"picked":"Sweeping Beam","floor":1},{"not_picked":["Go for the Eyes","Fusion"],"picked":"Genetic Algorithm","floor":2},{"not_picked":["Melter","Stack"],"picked":"Conserve Battery","floor":3},{"not_picked":["Rebound","Redo"],"picked":"Coolheaded","floor":7},{"not_picked":["Sweeping Beam","Beam Cell","Steam"],"picked":"SKIP","floor":8},{"not_picked":["Sweeping Beam","Beam Cell","Steam"],"picked":"SKIP","floor":8},{"not_picked":["Rainbow","Reprogram"],"picked":"Steam Power","floor":14}],"player_experience":436555,"relics_obtained":[{"floor":7,"key":"Girya"},{"floor":9,"key":"Gremlin Horn"},{"floor":14,"key":"Smiling Mask"}],"event_choices":[{"damage_healed":0,"gold_gain":0,"player_choice":"1 cards matched","damage_taken":0,"max_hp_gain":0,"max_hp_loss":0,"event_name":"Match and Keep!","floor":4,"gold_loss":0,"cards_obtained":["Meteor Strike"]},{"damage_healed":0,"gold_gain":0,"cards_transformed":["Strike_B"],"player_choice":"Change","damage_taken":0,"max_hp_gain":0,"max_hp_loss":0,"event_name":"Living Wall","floor":11,"gold_loss":0,"cards_obtained":["Biased Cognition"]},{"damage_healed":0,"gold_gain":0,"player_choice":"Upgraded","damage_taken":0,"max_hp_gain":0,"max_hp_loss":0,"event_name":"Upgrade Shrine","floor":13,"gold_loss":0,"cards_upgraded":["Coolheaded"]}],"is_beta":false,"boss_relics":[],"items_purged_floors":[],"is_endless":false,"potions_floor_spawned":[3,7,8,14],"killed_by":"Hexaghost","ascension_level":6}