{"gold_per_floor":[16,16,34,49,49,85,85,85,85,128,152,190,210,86,86,216,216,241,260,273,273,298,331,331,352,420,420,420,433,474,490,490,490],"floor_reached":33,"playtime":1536,"items_purged":["Strike_B"],"score":464,"play_id":"b3ae7362-ac4b-446a-833a-40d202abeea4","local_time":"20210715135310","is_ascension_mode":true,"campfire_choices":[{"data":"White Noise","floor":8,"key":"SMITH"},{"floor":15,"key":"REST"},{"floor":24,"key":"REST"},{"floor":28,"key":"REST"},{"floor":32,"key":"REST"}],"neow_cost":"NO_GOLD","seed_source_timestamp":40408215857800,"circlet_count":0,"master_deck":["Strike_B","Strike_B","Strike_B","Defend_B","Defend_B","Defend_B","Defend_B","Zap+1","Dualcast","Ball Lightning","Compile Driver","White Noise+1","Hologram","Ball Lightning","Biased Cognition+1","Chill","Ball Lightning+1","BootSequence","Cold Snap","Storm"],"relics":["Cracked Core","TungstenRod","Golden Idol","Girya","Bottled Flame","Oddly Smooth Stone","Bag of Marbles","Pen Nib","Black Star","Omamori","InkBottle","Blood Vial","Nunchaku"],"potions_floor_usage":[6,12,12,19,22,22,23,23,33],"damage_taken":[{"damage":0,"enemies":"2 Louse","floor":1,"turns":3},{"damage":6,"enemies":"Small Slimes","floor":3,"turns":2},{"damage":0,"enemies":"Cultist","floor":4,"turns":3},{"damage":15,"enemies":"Gremlin Nob","floor":6,"turns":3},{"damage":18,"enemies":"Lagavulin","floor":10,"turns":6},{"damage":15,"enemies":"3 Sentries","floor":12,"turns":5},{"damage":0,"enemies":"2 Fungi Beasts","floor":13,"turns":2},{"damage":0,"enemies":"Slime Boss","floor":16,"turns":4},{"damage":10,"enemies":"Spheric Guardian","floor":18,"turns":4},{"damage":25,"enemies":"2 Thieves","floor":19,"turns":4},{"damage":13,"enemies":"Cultist and Chosen","floor":20,"turns":5},{"damage":5,"enemies":"Shelled Parasite and Fungi","floor":22,"turns":4},{"damage":12,"enemies":"Slavers","floor":23,"turns":4},{"damage":0,"enemies":"Sentry and Sphere","floor":25,"turns":4},{"damage":0,"enemies":"Centurion and Healer","floor":29,"turns":4},{"damage":22,"enemies":"Book of Stabbing","floor":30,"turns":5},{"damage":4,"enemies":"Chosen and Byrds","floor":31,"turns":5},{"damage":64,"enemies":"Collector","floor":33,"turns":6}],"seed_played":"3922029416005825623","potions_obtained":[{"floor":4,"key":"DuplicationPotion"},{"floor":6,"key":"GamblersBrew"},{"floor":10,"key":"SneckoOil"},{"floor":12,"key":"DistilledChaos"},{"floor":13,"key":"Weak Potion"},{"floor":19,"key":"SteroidPotion"},{"floor":21,"key":"PowerPotion"},{"floor":21,"key":"GamblersBrew"},{"floor":22,"key":"LiquidMemories"},{"floor":31,"key":"Fire Potion"}],"is_trial":false,"path_per_floor":["M","?","M","M","?","E","?","R","T","E","T","E","M","$","R","B",null,"M","M","M","?","M","E","R","M","T","?","R","M","E","M","R","B"],"character_chosen":"DEFECT","items_purchased":["Block Potion"],"campfire_rested":4,"item_purchase_floors":[14],"current_hp_per_floor":[68,68,62,62,45,30,35,35,35,17,17,2,2,2,26,26,67,57,32,19,19,14,2,26,26,26,26,50,50,28,26,50,0],"gold":490,"neow_bonus":"ONE_RARE_RELIC","is_prod":false,"is_daily":false,"chose_seed":false,"campfire_upgraded":1,"win_rate":0,"timestamp":1626371590,"path_taken":["M","?","M","M","?","E","?","R","T","E","?","E","M","$","R","BOSS","M","M","M","?","M","E","R","?","T","?","R","M","E","M","R","BOSS"],"build_version":"2020-12-22","purchased_purges":1,"victory":false,"max_hp_per_floor":[75,75,75,75,75,75,80,80,80,80,80,80,80,80,80,80,80,80,80,80,80,80,80,80,80,80,80,80,80,80,80,80,80],"card_choices":[{"not_picked":["Gash","Beam Cell"],"picked":"Ball Lightning","floor":1},{"not_picked":["Streamline","White Noise"],"picked":"Compile Driver","floor":3},{"not_picked":["Beam Cell","Go for the Eyes","Compile Driver"],"picked":"SKIP","floor":4},{"not_picked":["Auto Shields","Stack"],"picked":"White Noise","floor":6},{"not_picked":["Beam Cell","Lockon","Gash"],"picked":"SKIP","floor":10},{"not_picked":["Stack","Gash"],"picked":"Hologram","floor":12},{"not_picked":["Storm","Static Discharge"],"picked":"Ball Lightning","floor":13},{"not_picked":["Meteor Strike","All For One"],"picked":"Biased Cognition","floor":16},{"not_picked":["Hologram","Barrage","Sweeping Beam"],"picked":"SKIP","floor":18},{"not_picked":["Sweeping Beam","Reprogram","Fusion"],"picked":"SKIP","floor":19},{"not_picked":["White Noise","Lockon"],"picked":"Chill","floor":20},{"not_picked":["Force Field","Hologram"],"picked":"Ball Lightning+1","floor":22},{"not_picked":["Hologram","Compile Driver+1","Go for the Eyes+1"],"picked":"SKIP","floor":23},{"not_picked":["Scrape","Melter"],"picked":"BootSequence","floor":25},{"not_picked":["Redo","Rebound+1"],"picked":"Cold Snap","floor":29},{"not_picked":["Heatsinks+1","Meteor Strike","Barrage"],"picked":"SKIP","floor":30},{"not_picked":["Streamline","Barrage"],"picked":"Storm","floor":31}],"player_experience":468850,"relics_obtained":[{"floor":6,"key":"Girya"},{"floor":9,"key":"Bottled Flame"},{"floor":10,"key":"Oddly Smooth Stone"},{"floor":11,"key":"Bag of Marbles"},{"floor":12,"key":"Pen Nib"},{"floor":23,"key":"Omamori"},{"floor":26,"key":"InkBottle"},{"floor":30,"key":"Blood Vial"},{"floor":30,"key":"Nunchaku"}],"event_choices":[{"damage_healed":0,"gold_gain":0,"player_choice":"Grow","damage_taken":0,"max_hp_gain":0,"max_hp_loss":0,"event_name":"Living Wall","floor":2,"gold_loss":0,"cards_upgraded":["Zap"]},{"damage_healed":0,"gold_gain":0,"player_choice":"Take Damage","damage_taken":18,"relics_obtained":["Golden Idol"],"max_hp_gain":0,"max_hp_loss":0,"event_name":"Golden Idol","floor":5,"gold_loss":0},{"damage_healed":0,"gold_gain":0,"player_choice":"Donut","damage_taken":0,"max_hp_gain":5,"max_hp_loss":0,"event_name":"Big Fish","floor":7,"gold_loss":0},{"damage_healed":0,"gold_gain":0,"player_choice":"Got Potions","damage_taken":0,"max_hp_gain":0,"max_hp_loss":0,"event_name":"Lab","floor":21,"gold_loss":0},{"damage_healed":0,"gold_gain":0,"player_choice":"Upgraded","damage_taken":0,"max_hp_gain":0,"max_hp_loss":0,"event_name":"Upgrade Shrine","floor":27,"gold_loss":0,"cards_upgraded":["Biased Cognition"]}],"is_beta":false,"boss_relics":[{"not_picked":["Fusion Hammer","FrozenCore"],"picked":"Black Star"}],"items_purged_floors":[14],"is_endless":false,"potions_floor_spawned":[4,6,10,12,13,19,22,31],"killed_by":"Collector","ascension_level":6}