{"gold_per_floor":[213,56,56,131,150,150,183,183,183,283,310,329,348,368,368,445,445,457,457,114,128,141,141,172,172,250,250,250,22,56,56,56,134,134,148,164,17,36,54,54,86,86,111,111,137,137,12,23,23,23,23,23,23,55,55],"floor_reached":56,"playtime":3393,"items_purged":["Strike_B","Dualcast","Strike_B+1"],"score":1942,"play_id":"efeb83ca-f4a4-44ad-a1fb-f70b446214f8","local_time":"20210918174114","is_ascension_mode":true,"campfire_choices":[{"data":"Doom and Gloom","floor":6.0,"key":"SMITH"},{"floor":8.0,"key":"REST"},{"floor":15.0,"key":"REST"},{"data":"RitualDagger","floor":23.0,"key":"SMITH"},{"floor":25.0,"key":"REST"},{"data":"Reinforced Body","floor":27.0,"key":"SMITH"},{"data":"Reprogram","floor":32.0,"key":"SMITH"},{"data":"Machine Learning","floor":40.0,"key":"SMITH"},{"data":"Hologram","floor":42,"key":"SMITH"},{"floor":49,"key":"RECALL"},{"data":"Skim","floor":52,"key":"SMITH"}],"neow_cost":"NONE","seed_source_timestamp":141287424549500,"circlet_count":0,"master_deck":["AscendersBane","Strike_B+1","Defend_B","Defend_B","Defend_B","Defend_B","Gash","Doom and Gloom+1","Sweeping Beam","Conserve Battery","Gash","Gash","Ball Lightning","Hologram+1","All For One","Leap+1","RitualDagger+1","All For One","Skim+1","Reinforced Body+1","Go for the Eyes","Undo","Dramatic Entrance","Hologram","Good Instincts","Reprogram+1","Machine Learning+1","Gash","Beam Cell","Self Repair","Hologram","Turbo","Flash of Steel","Swift Strike","Apotheosis","Fusion+1"],"special_seed":0,"relics":["Cracked Core","Question Card","DataDisk","Bag of Preparation","Empty Cage","Orrery","HornCleat","Meat on the Bone","Anchor","Omamori","Coffee Dripper","Lee\u0027s Waffle","Bronze Scales","TungstenRod","Blood Vial","Orichalcum"],"potions_floor_usage":[50,55],"damage_taken":[{"damage":2.0,"enemies":"Jaw Worm","floor":1.0,"turns":4.0},{"damage":3.0,"enemies":"Small Slimes","floor":5.0,"turns":3.0},{"damage":25.0,"enemies":"Lagavulin","floor":7.0,"turns":5.0},{"damage":18.0,"enemies":"3 Sentries","floor":11.0,"turns":4.0},{"damage":0.0,"enemies":"Cultist","floor":12.0,"turns":3.0},{"damage":4.0,"enemies":"Blue Slaver","floor":13.0,"turns":3.0},{"damage":0.0,"enemies":"3 Louse","floor":14.0,"turns":2.0},{"damage":11.0,"enemies":"The Guardian","floor":16.0,"turns":9.0},{"damage":0.0,"enemies":"Spheric Guardian","floor":18.0,"turns":3.0},{"damage":0.0,"enemies":"3 Byrds","floor":21.0,"turns":3.0},{"damage":10.0,"enemies":"Centurion and Healer","floor":22.0,"turns":5.0},{"damage":39.0,"enemies":"Book of Stabbing","floor":24.0,"turns":6.0},{"damage":0.0,"enemies":"Gremlin Leader","floor":30.0,"turns":6.0},{"damage":29.0,"enemies":"Automaton","floor":33.0,"turns":11.0},{"damage":0.0,"enemies":"Orb Walker","floor":35.0,"turns":4.0},{"damage":1.0,"enemies":"3 Darklings","floor":36.0,"turns":7.0},{"damage":0.0,"enemies":"Spire Growth","floor":38.0,"turns":4.0},{"damage":0.0,"enemies":"Jaw Worm Horde","floor":39.0,"turns":4.0},{"damage":21,"enemies":"Nemesis","floor":41,"turns":7},{"damage":1,"enemies":"Reptomancer","floor":45,"turns":6},{"damage":3,"enemies":"Writhing Mass","floor":48,"turns":8},{"damage":48,"enemies":"Time Eater","floor":50,"turns":8},{"damage":25,"enemies":"Shield and Spear","floor":54,"turns":6},{"damage":110,"enemies":"The Heart","floor":55,"turns":11}],"seed_played":"1107452633102833217","potions_obtained":[{"floor":1.0,"key":"Strength Potion"},{"floor":16.0,"key":"FearPotion"},{"floor":18.0,"key":"EntropicBrew"},{"floor":24.0,"key":"FocusPotion"},{"floor":33.0,"key":"Fire Potion"},{"floor":35.0,"key":"FairyPotion"},{"floor":36.0,"key":"Swift Potion"},{"floor":54,"key":"Swift Potion"}],"is_trial":false,"path_per_floor":["M","$","?","?","M","R","E","R","T","?","E","M","M","M","R","B",null,"M","?","$","M","M","R","E","R","T","R","?","$","E","?","R","B",null,"M","M","$","M","M","R","E","R","T","?","E","T","$","M","R","B",null,"R","$","E","B",null],"character_chosen":"DEFECT","items_purchased":["Doom and Gloom","Orrery","Dramatic Entrance","Anchor","Good Instincts","Lee\u0027s Waffle"],"campfire_rested":3,"item_purchase_floors":[2,20,20,29,29,37],"current_hp_per_floor":[62,62,48,37,34,34,9,30,30,30,12,12,8,8,29,18,58,58,52,52,52,42,42,3,24,24,24,24,24,36,36,36,19,58,58,57,78,78,78,78,64,64,64,54,63,63,63,69,69,35,67,67,67,54,23],"gold":55,"neow_bonus":"HUNDRED_GOLD","is_prod":false,"is_daily":false,"chose_seed":false,"campfire_upgraded":7,"win_rate":0,"timestamp":1632001274,"path_taken":["M","$","?","?","M","R","E","R","T","?","E","M","M","?","R","BOSS","M","?","$","M","M","R","E","R","T","R","?","$","E","?","R","BOSS","M","M","$","M","M","R","E","R","T","?","E","?","?","?","R","BOSS","R","$","E","BOSS"],"build_version":"2020-12-22","purchased_purges":3,"victory":true,"max_hp_per_floor":[71,71,71,71,71,71,71,71,71,71,71,71,71,71,71,71,71,71,71,71,71,71,71,71,71,71,71,71,71,71,71,71,71,71,71,71,78,78,78,78,78,78,78,78,78,78,78,78,78,78,78,78,78,78,78],"card_choices":[{"not_picked":["Force Field","Compile Driver"],"picked":"Gash","floor":1.0},{"not_picked":["Steam Power","Sunder"],"picked":"Sweeping Beam","floor":5.0},{"not_picked":["Reprogram","Hologram"],"picked":"Conserve Battery","floor":7.0},{"not_picked":["Steam Power","Double Energy","Reboot"],"picked":"Gash","floor":11.0},{"not_picked":["Sweeping Beam","Ball Lightning","Conserve Battery"],"picked":"Gash","floor":12.0},{"not_picked":["Melter","Hello World","Chill"],"picked":"Ball Lightning","floor":13.0},{"not_picked":["Blizzard","Chill","Stack"],"picked":"Hologram","floor":14.0},{"not_picked":["Machine Learning","Multi-Cast","Core Surge"],"picked":"All For One","floor":16.0},{"not_picked":["Heatsinks","Steam","Sweeping Beam"],"picked":"Leap+1","floor":18.0},{"not_picked":["Force Field","Conserve Battery+1","Rebound"],"picked":"All For One","floor":20.0},{"not_picked":["Steam","Leap","Machine Learning"],"picked":"Skim","floor":20.0},{"not_picked":["Coolheaded","Streamline","Lockon"],"picked":"Reinforced Body","floor":20.0},{"not_picked":["Cold Snap","Melter","Auto Shields"],"picked":"Go for the Eyes","floor":20.0},{"not_picked":["Compile Driver","Sunder","Redo"],"picked":"Undo","floor":20.0},{"not_picked":["Conserve Battery","Streamline","Melter"],"picked":"Hologram","floor":21.0},{"not_picked":["Redo","Ball Lightning+1","Glacier","Consume"],"picked":"SKIP","floor":22.0},{"not_picked":["Chaos","Reinforced Body","Doom and Gloom","Rebound"],"picked":"SKIP","floor":24.0},{"not_picked":["Leap","White Noise","Rebound"],"picked":"Reprogram","floor":30.0},{"not_picked":["Multi-Cast","Hyperbeam","Creative AI"],"picked":"Machine Learning","floor":33.0},{"not_picked":["Sweeping Beam","Compile Driver","Coolheaded+1"],"picked":"Gash","floor":35.0},{"not_picked":["Sunder","Conserve Battery","Compile Driver+1"],"picked":"Beam Cell","floor":36.0},{"not_picked":["Redo","Force Field","Coolheaded"],"picked":"Self Repair","floor":38.0},{"not_picked":["Go for the Eyes","Stack","Steam+1"],"picked":"Hologram","floor":39.0},{"not_picked":["Chill","Loop","Melter"],"picked":"Turbo","floor":41},{"not_picked":["Magnetism","Sadistic Nature","Madness"],"picked":"Flash of Steel","floor":44},{"not_picked":["PanicButton","Deep Breath","Blind"],"picked":"Swift Strike","floor":44},{"not_picked":["Flash of Steel","Blind","Finesse"],"picked":"Apotheosis","floor":44},{"not_picked":["Redo","Cold Snap","Leap+1"],"picked":"Fusion+1","floor":45},{"not_picked":["Conserve Battery","Streamline+1","Steam","Force Field"],"picked":"SKIP","floor":48},{"not_picked":["Genetic Algorithm","Leap","Chaos","Ball Lightning+1"],"picked":"SKIP","floor":54}],"player_experience":866272,"relics_obtained":[{"floor":7.0,"key":"Question Card"},{"floor":9.0,"key":"DataDisk"},{"floor":11.0,"key":"Bag of Preparation"},{"floor":24.0,"key":"HornCleat"},{"floor":26.0,"key":"Meat on the Bone"},{"floor":30.0,"key":"Omamori"},{"floor":41,"key":"Bronze Scales"},{"floor":45,"key":"TungstenRod"},{"floor":46,"key":"Blood Vial"},{"floor":54,"key":"Orichalcum"}],"event_choices":[{"damage_healed":0.0,"max_hp_gain":0.0,"max_hp_loss":0.0,"gold_gain":0.0,"event_name":"Shining Light","player_choice":"Entered Light","floor":3.0,"gold_loss":0.0,"damage_taken":14.0,"cards_upgraded":["Strike_B","Strike_B"]},{"damage_healed":0.0,"max_hp_gain":0.0,"max_hp_loss":0.0,"gold_gain":75.0,"event_name":"World of Goop","player_choice":"Gather Gold","floor":4.0,"gold_loss":0.0,"damage_taken":11.0},{"damage_healed":0.0,"max_hp_gain":0.0,"max_hp_loss":0.0,"gold_gain":100.0,"event_name":"Golden Shrine","player_choice":"Pray","floor":10.0,"gold_loss":0.0,"damage_taken":0.0},{"damage_healed":0.0,"max_hp_gain":0.0,"max_hp_loss":0.0,"gold_gain":0.0,"event_name":"Nest","player_choice":"Joined the Cult","floor":19.0,"gold_loss":0.0,"damage_taken":6.0,"cards_obtained":["RitualDagger"]},{"damage_healed":0.0,"max_hp_gain":0.0,"max_hp_loss":0.0,"gold_gain":0.0,"event_name":"Vampires","player_choice":"Ignored","floor":28.0,"gold_loss":0.0,"damage_taken":0.0},{"damage_healed":0,"gold_gain":0,"player_choice":"Memory 3","damage_taken":10,"max_hp_gain":0,"max_hp_loss":0,"event_name":"SensoryStone","floor":44,"gold_loss":0}],"is_beta":false,"boss_relics":[{"not_picked":["Busted Crown","Black Star"],"picked":"Empty Cage"},{"not_picked":["Calling Bell","Runic Dome"],"picked":"Coffee Dripper"}],"items_purged_floors":[2,20,47],"is_endless":false,"potions_floor_spawned":[1,16,18,22,24,33,35,36,41,48,54],"ascension_level":14}