{"gold_per_floor":[118,193,208,208,223,255,255,285,353,353,369,369,394,407,407,507,507,519,531,548,548,7,42,42,73,96,107,140,140,194,14,14,117,117,131,151,151,163,182,182,207,224,224,257,273,283,313,325,325,325],"floor_reached":51,"playtime":2485,"items_purged":["Strike_B+1","Defend_B+1"],"score":961,"play_id":"bc810cab-cfc8-4dd2-9525-71354df197b9","local_time":"20220304134619","is_ascension_mode":true,"campfire_choices":[{"data":"1","floor":7,"key":"LIFT"},{"floor":10,"key":"REST"},{"data":"2","floor":15,"key":"LIFT"},{"data":"3","floor":24,"key":"LIFT"},{"data":"Biased Cognition","floor":29,"key":"SMITH"},{"data":"Defragment","floor":32,"key":"SMITH"},{"data":"Buffer","floor":40,"key":"SMITH"},{"data":"Seek","floor":49,"key":"SMITH"}],"neow_cost":"TEN_PERCENT_HP_LOSS","seed_source_timestamp":193519674388100,"circlet_count":0,"master_deck":["Strike_B+1","Strike_B+1","Strike_B+1","Defend_B+1","Defend_B+1","Defend_B+1","Zap","Dualcast","Gash","Conserve Battery","Doom and Gloom","Go for the Eyes","Coolheaded","BootSequence","Dark Shackles","Biased Cognition+1","Gash","Buffer+1","Undo","Glacier","Core Surge","Loop","Turbo","Gash","Defragment+1","All For One","Compile Driver","Electrodynamics","White Noise","Stack+1","Self Repair+1","Echo Form","FTL+1","Compile Driver+1","Seek+1"],"relics":["Cracked Core","Girya","Turnip","Anchor","StrikeDummy","Pocketwatch","SacredBark","Blood Vial","Pen Nib","Dream Catcher","Oddly Smooth Stone","Ancient Tea Set","Centennial Puzzle","Runic Dome","Incense Burner","Pantograph","Bottled Lightning","Molten Egg 2"],"potions_floor_usage":[8,25,28,44,50,50],"damage_taken":[{"damage":0,"enemies":"Small Slimes","floor":1,"turns":3},{"damage":11,"enemies":"Jaw Worm","floor":3,"turns":3},{"damage":0,"enemies":"Cultist","floor":5,"turns":4},{"damage":20,"enemies":"3 Sentries","floor":6,"turns":7},{"damage":14,"enemies":"Gremlin Nob","floor":8,"turns":4},{"damage":0,"enemies":"3 Louse","floor":11,"turns":3},{"damage":2,"enemies":"3 Sentries","floor":13,"turns":5},{"damage":0,"enemies":"Exordium Wildlife","floor":14,"turns":2},{"damage":5,"enemies":"The Guardian","floor":16,"turns":10},{"damage":1,"enemies":"Spheric Guardian","floor":18,"turns":10},{"damage":1,"enemies":"2 Thieves","floor":19,"turns":4},{"damage":8,"enemies":"Shelled Parasite and Fungi","floor":20,"turns":5},{"damage":0,"enemies":"Gremlin Leader","floor":23,"turns":9},{"damage":0,"enemies":"Slavers","floor":25,"turns":6},{"damage":0,"enemies":"Centurion and Healer","floor":27,"turns":4},{"damage":8,"enemies":"Gremlin Leader","floor":28,"turns":7},{"damage":5,"enemies":"Automaton","floor":33,"turns":10},{"damage":2,"enemies":"3 Shapes","floor":35,"turns":2},{"damage":0,"enemies":"Orb Walker","floor":36,"turns":3},{"damage":21,"enemies":"Jaw Worm Horde","floor":38,"turns":4},{"damage":0,"enemies":"Maw","floor":39,"turns":7},{"damage":12,"enemies":"Giant Head","floor":41,"turns":7},{"damage":13,"enemies":"Spire Growth","floor":42,"turns":5},{"damage":0,"enemies":"Nemesis","floor":44,"turns":11},{"damage":0,"enemies":"Transient","floor":45,"turns":5},{"damage":0,"enemies":"Writhing Mass","floor":46,"turns":5},{"damage":11,"enemies":"Giant Head","floor":47,"turns":10},{"damage":0,"enemies":"3 Darklings","floor":48,"turns":3},{"damage":11,"enemies":"Time Eater","floor":50,"turns":9}],"seed_played":"6586303205296131294","potions_obtained":[{"floor":1,"key":"SteroidPotion"},{"floor":3,"key":"FocusPotion"},{"floor":5,"key":"DuplicationPotion"},{"floor":14,"key":"Fire Potion"},{"floor":27,"key":"ColorlessPotion"},{"floor":33,"key":"SkillPotion"},{"floor":44,"key":"Explosive Potion"}],"is_trial":false,"path_per_floor":["M","?","M","?","M","E","R","E","T","R","M","?","E","M","R","B",null,"M","M","M","?","$","E","R","E","T","M","E","R","T","$","R","B",null,"M","M","?","M","M","R","E","M","T","E","M","M","E","M","R","B",null],"character_chosen":"DEFECT","items_purchased":["Glacier","Core Surge","Loop","Blood Vial","Turbo","Defragment"],"campfire_rested":1,"item_purchase_floors":[22,22,22,22,22,31],"current_hp_per_floor":[68,57,46,51,51,31,31,17,17,38,38,38,36,36,36,31,73,72,71,63,63,63,65,65,67,67,69,63,63,63,63,63,60,73,71,73,73,52,54,54,44,33,33,45,57,69,70,72,72,72],"gold":325,"neow_bonus":"ONE_RARE_RELIC","is_prod":false,"is_daily":false,"chose_seed":false,"campfire_upgraded":4,"win_rate":0,"timestamp":1646419579,"path_taken":["M","?","M","?","M","E","R","E","T","R","M","?","E","M","R","BOSS","M","M","?","?","$","E","R","E","T","M","E","R","?","?","R","BOSS","M","?","?","M","M","R","E","M","T","E","M","?","E","M","R","BOSS"],"build_version":"2022-02-27","purchased_purges":2,"victory":true,"max_hp_per_floor":[68,68,68,73,73,73,73,73,73,73,73,73,73,73,73,73,73,73,73,73,73,73,73,73,73,73,73,73,73,73,73,73,73,73,73,73,73,73,73,73,73,73,73,73,73,73,73,73,73,73],"card_choices":[{"not_picked":["Fusion","Redo"],"picked":"Gash","floor":1},{"not_picked":["Streamline","Hologram"],"picked":"Conserve Battery","floor":3},{"not_picked":["Hologram","Scrape"],"picked":"Doom and Gloom","floor":5},{"not_picked":["Steam Power","Rebound","Turbo"],"picked":"SKIP","floor":6},{"not_picked":["Scrape","Chaos"],"picked":"Go for the Eyes","floor":8},{"not_picked":["Storm","Redo"],"picked":"Coolheaded","floor":11},{"not_picked":["Hologram","Conserve Battery"],"picked":"Biased Cognition","floor":13},{"not_picked":["Stack","Steam"],"picked":"Gash","floor":14},{"not_picked":["Multi-Cast","Rainbow"],"picked":"Buffer","floor":16},{"not_picked":["Conserve Battery","Static Discharge","Ball Lightning"],"picked":"SKIP","floor":18},{"not_picked":["Conserve Battery","Blizzard","Hello World"],"picked":"SKIP","floor":19},{"not_picked":["Storm","Redo"],"picked":"Undo","floor":20},{"not_picked":["Steam Power","Thunder Strike","Cold Snap"],"picked":"SKIP","floor":23},{"not_picked":["Redo","Stack","Gash"],"picked":"SKIP","floor":25},{"not_picked":["Undo+1","Cold Snap","Conserve Battery"],"picked":"SKIP","floor":27},{"not_picked":["Streamline+1","Reinforced Body"],"picked":"Gash","floor":28},{"not_picked":["Reboot","Amplify"],"picked":"All For One","floor":33},{"not_picked":["Redo","Aggregate"],"picked":"Compile Driver","floor":35},{"not_picked":["Barrage","Stack+1","Reinforced Body"],"picked":"SKIP","floor":36},{"not_picked":["Streamline","Sweeping Beam"],"picked":"White Noise","floor":38},{"not_picked":["Stack","Hologram","Electrodynamics"],"picked":"SKIP","floor":39},{"not_picked":["Steam Power","Steam"],"picked":"Stack+1","floor":41},{"not_picked":["Gash+1","Conserve Battery+1"],"picked":"Self Repair+1","floor":42},{"not_picked":["Go for the Eyes+1","Doom and Gloom","Compile Driver+1"],"picked":"SKIP","floor":44},{"not_picked":["Genetic Algorithm+1","Scrape"],"picked":"Echo Form","floor":45},{"not_picked":["Ball Lightning","Sunder"],"picked":"FTL+1","floor":46},{"not_picked":["Barrage+1","Rebound+1"],"picked":"Compile Driver+1","floor":47},{"not_picked":["Ball Lightning+1","Auto Shields+1"],"picked":"Seek","floor":48}],"player_experience":1000547,"relics_obtained":[{"floor":6,"key":"Turnip"},{"floor":8,"key":"Anchor"},{"floor":9,"key":"StrikeDummy"},{"floor":13,"key":"Pocketwatch"},{"floor":23,"key":"Pen Nib"},{"floor":25,"key":"Dream Catcher"},{"floor":26,"key":"Oddly Smooth Stone"},{"floor":28,"key":"Ancient Tea Set"},{"floor":30,"key":"Centennial Puzzle"},{"floor":41,"key":"Incense Burner"},{"floor":43,"key":"Pantograph"},{"floor":44,"key":"Bottled Lightning"},{"floor":47,"key":"Molten Egg 2"}],"event_choices":[{"damage_healed":0,"gold_gain":75,"player_choice":"Gather Gold","damage_taken":11,"max_hp_gain":0,"max_hp_loss":0,"event_name":"World of Goop","floor":2,"gold_loss":0},{"damage_healed":0,"gold_gain":0,"player_choice":"Donut","damage_taken":0,"max_hp_gain":5,"max_hp_loss":0,"event_name":"Big Fish","floor":4,"gold_loss":0},{"damage_healed":0,"gold_gain":0,"player_choice":"2 cards matched","damage_taken":0,"max_hp_gain":0,"max_hp_loss":0,"event_name":"Match and Keep!","floor":12,"gold_loss":0,"cards_obtained":["BootSequence","Dark Shackles"]},{"damage_healed":0,"gold_gain":0,"player_choice":"Simplicity","damage_taken":0,"max_hp_gain":0,"max_hp_loss":0,"event_name":"Back to Basics","floor":21,"gold_loss":0,"cards_upgraded":["Strike_B","Strike_B","Strike_B","Strike_B","Defend_B","Defend_B","Defend_B","Defend_B"]},{"damage_healed":0,"gold_gain":0,"player_choice":"1 cards matched","damage_taken":0,"max_hp_gain":0,"max_hp_loss":0,"event_name":"Match and Keep!","floor":37,"gold_loss":0,"cards_obtained":["Electrodynamics"]}],"is_beta":false,"boss_relics":[{"not_picked":["Ectoplasm","Velvet Choker"],"picked":"SacredBark"},{"not_picked":["Philosopher\u0027s Stone","Busted Crown"],"picked":"Runic Dome"}],"items_purged_floors":[22,31],"is_endless":false,"potions_floor_spawned":[1,3,5,14,16,20,27,33,36,41,44,45,46,47],"ascension_level":1}