{"gold_per_floor":[111,31,45,195,67,67,67,92,92,148,175,18,32,46,46,124,124,142,142,67,78,91,91,91,91,91,116,134,134,134,145,145,223,223,241,251,251,261,61,61],"floor_reached":40,"playtime":2176,"items_purged":["Doubt","Tempest"],"score":905,"play_id":"465b7eb4-6bfc-4d69-95d5-82bd0bc6b91a","local_time":"20220621173237","is_ascension_mode":true,"campfire_choices":[{"data":"Compile Driver","floor":6,"key":"SMITH"},{"data":"Seek","floor":15,"key":"SMITH"},{"data":"White Noise","floor":23,"key":"SMITH"},{"data":"Chill","floor":25,"key":"SMITH"},{"data":"Buffer","floor":29,"key":"SMITH"},{"data":"Ghostly","floor":32,"key":"SMITH"}],"neow_cost":"TEN_PERCENT_HP_LOSS","seed_source_timestamp":397122170453400,"circlet_count":0,"master_deck":["AscendersBane","Zap","Dualcast","Compile Driver+1","Seek+1","FTL","Glacier","Hologram","Buffer+1","Coolheaded","Doom and Gloom","Electrodynamics","Sweeping Beam","Compile Driver","White Noise+1","Blizzard","Doom and Gloom","Chill+1","Ghostly+1","Ghostly","Ghostly","Undo","Hologram+1","Ball Lightning","Seek","Cold Snap+1","Turbo","Heatsinks+1"],"relics":["Cracked Core","Torii","Bird Faced Urn","White Beast Statue","Darkstone Periapt","Matryoshka","StrikeDummy","Runic Capacitor","Pandora\u0027s Box","Frozen Egg 2","Sundial","Juzu Bracelet","Philosopher\u0027s Stone"],"potions_floor_usage":[8,11,13,22,33,33,40],"damage_taken":[{"damage":2,"enemies":"Cultist","floor":1,"turns":4},{"damage":0,"enemies":"2 Louse","floor":3,"turns":3},{"damage":20,"enemies":"Lagavulin","floor":8,"turns":7},{"damage":14,"enemies":"3 Sentries","floor":10,"turns":11},{"damage":8,"enemies":"Gremlin Nob","floor":11,"turns":3},{"damage":0,"enemies":"Jaw Worm","floor":13,"turns":5},{"damage":2,"enemies":"Large Slime","floor":14,"turns":7},{"damage":3,"enemies":"The Guardian","floor":16,"turns":17},{"damage":23,"enemies":"Spheric Guardian","floor":18,"turns":6},{"damage":0,"enemies":"Chosen","floor":21,"turns":5},{"damage":24,"enemies":"Centurion and Healer","floor":22,"turns":6},{"damage":31,"enemies":"Book of Stabbing","floor":27,"turns":8},{"damage":0,"enemies":"Snecko","floor":28,"turns":5},{"damage":9,"enemies":"Snake Plant","floor":31,"turns":7},{"damage":0,"enemies":"Collector","floor":33,"turns":13},{"damage":1,"enemies":"3 Shapes","floor":35,"turns":3},{"damage":12,"enemies":"3 Darklings","floor":36,"turns":4},{"damage":13,"enemies":"Maw","floor":38,"turns":9},{"damage":55,"enemies":"Nemesis","floor":40,"turns":11}],"seed_played":"7850875085195527502","potions_obtained":[{"floor":10,"key":"FearPotion"},{"floor":11,"key":"Regen Potion"},{"floor":13,"key":"SmokeBomb"},{"floor":14,"key":"AttackPotion"},{"floor":16,"key":"DuplicationPotion"},{"floor":22,"key":"SneckoOil"},{"floor":28,"key":"SkillPotion"},{"floor":33,"key":"Dexterity Potion"},{"floor":35,"key":"Swift Potion"},{"floor":38,"key":"Regen Potion"}],"is_trial":false,"path_per_floor":["M","$","M","?","$","R","T","E","T","?","E","$","M","M","R","B",null,"M","?","?","M","M","R","?","R","T","E","M","R","?","M","R","B",null,"M","M","?","M","$","E"],"character_chosen":"DEFECT","items_purchased":["Seek","AttackPotion","Runic Capacitor","Turbo","Heatsinks+1"],"campfire_rested":0,"item_purchase_floors":[2,5,12,39,39],"current_hp_per_floor":[62,62,62,62,62,62,62,42,42,28,20,20,36,36,36,35,57,38,38,38,44,26,26,26,26,26,11,15,15,15,12,12,20,29,32,23,23,20,20,0],"gold":61,"neow_bonus":"ONE_RARE_RELIC","is_prod":false,"is_daily":false,"chose_seed":false,"campfire_upgraded":6,"win_rate":0,"timestamp":1655847157,"path_taken":["M","?","M","?","$","R","?","E","T","?","E","$","M","M","R","BOSS","M","?","?","M","M","R","?","R","T","E","M","R","?","M","R","BOSS","M","M","?","M","$","E"],"build_version":"2022-03-07","purchased_purges":2,"victory":false,"max_hp_per_floor":[64,64,64,64,64,64,64,64,64,64,64,64,64,64,64,64,64,64,64,64,64,64,64,32,32,32,32,32,32,32,32,32,32,32,32,32,32,32,32,32],"card_choices":[{"not_picked":["Redo","Beam Cell"],"picked":"Compile Driver","floor":1},{"not_picked":["Streamline","Leap"],"picked":"FTL","floor":3},{"not_picked":["Ball Lightning","Double Energy"],"picked":"Glacier","floor":8},{"not_picked":["Leap","Coolheaded"],"picked":"Hologram","floor":10},{"not_picked":["Steam","Compile Driver"],"picked":"Buffer","floor":11},{"not_picked":["Sunder","Steam"],"picked":"Coolheaded","floor":13},{"not_picked":["Steam","Streamline"],"picked":"Doom and Gloom","floor":14},{"not_picked":["Machine Learning","Reboot"],"picked":"Electrodynamics","floor":16},{"not_picked":["Leap","Rebound","Blizzard"],"picked":"SKIP","floor":18},{"not_picked":["Double Energy","Heatsinks","Rebound"],"picked":"SKIP","floor":21},{"not_picked":["Sweeping Beam+1","Doom and Gloom","Compile Driver"],"picked":"SKIP","floor":22},{"not_picked":["Cold Snap","Thunder Strike"],"picked":"Undo","floor":27},{"not_picked":["Skim","Force Field"],"picked":"Hologram+1","floor":28},{"not_picked":["Streamline","Hologram"],"picked":"Ball Lightning","floor":31},{"not_picked":["Electrodynamics+1","Buffer+1"],"picked":"Seek","floor":33},{"not_picked":["Stack","Compile Driver","Hello World+1"],"picked":"SKIP","floor":35},{"not_picked":["Stack","Steam","Melter"],"picked":"SKIP","floor":36},{"not_picked":["Rebound","Beam Cell+1"],"picked":"Cold Snap+1","floor":38}],"player_experience":1046188,"relics_obtained":[{"floor":7,"key":"Bird Faced Urn"},{"floor":8,"key":"White Beast Statue"},{"floor":9,"key":"Darkstone Periapt"},{"floor":10,"key":"Matryoshka"},{"floor":11,"key":"StrikeDummy"},{"floor":26,"key":"Frozen Egg 2"},{"floor":26,"key":"Sundial"},{"floor":27,"key":"Juzu Bracelet"}],"event_choices":[{"damage_healed":0,"gold_gain":150,"player_choice":"AGREE","damage_taken":0,"max_hp_gain":0,"max_hp_loss":0,"event_name":"Liars Game","floor":4,"gold_loss":0,"cards_obtained":["Doubt"]},{"damage_healed":0,"gold_gain":30,"player_choice":"Searched \u00272\u0027 times","damage_taken":0,"max_hp_gain":0,"max_hp_loss":0,"event_name":"Dead Adventurer","floor":10,"gold_loss":0},{"damage_healed":0,"gold_gain":0,"player_choice":"Ignored","damage_taken":0,"max_hp_gain":0,"max_hp_loss":0,"event_name":"Vampires","floor":19,"gold_loss":0},{"cards_removed":["Gash"],"damage_healed":0,"gold_gain":0,"player_choice":"Gave Gold","damage_taken":0,"max_hp_gain":0,"max_hp_loss":0,"event_name":"Beggar","floor":20,"gold_loss":75},{"damage_healed":0,"gold_gain":0,"player_choice":"Became a Ghost","damage_taken":0,"max_hp_gain":0,"max_hp_loss":32,"event_name":"Ghosts","floor":24,"gold_loss":0,"cards_obtained":["Ghostly","Ghostly","Ghostly"]},{"damage_healed":0,"gold_gain":0,"player_choice":"Ignored","damage_taken":0,"max_hp_gain":0,"max_hp_loss":0,"event_name":"Cursed Tome","floor":30,"gold_loss":0},{"damage_healed":0,"gold_gain":0,"player_choice":"Ignored","damage_taken":0,"max_hp_gain":0,"max_hp_loss":0,"event_name":"Tomb of Lord Red Mask","floor":37,"gold_loss":0}],"is_beta":false,"boss_relics":[{"not_picked":["Calling Bell","Empty Cage"],"picked":"Pandora\u0027s Box"},{"not_picked":["Black Star","Astrolabe"],"picked":"Philosopher\u0027s Stone"}],"items_purged_floors":[5,39],"is_endless":false,"potions_floor_spawned":[10,11,13,14,16,18,21,22,27,28,31,33,35,36,38],"killed_by":"Nemesis","ascension_level":19}