{"gold_per_floor":[366,416,427,407,17,52,69,69,96,119,119,131,131,164,164,241,241,260,273,179,94,106,141,141,158,208,238,238,238,238,51,51,124,124,141,141,159,175,175,186,200,217,243,275,295,308,325,354,354,354,354,354,29,64,64],"floor_reached":55,"playtime":6273,"items_purged":["Strike_B","Strike_B","Writhe","Zap"],"score":1569,"play_id":"c57dd48a-1718-42b1-be13-be41fd06e3c7","local_time":"20221123143239","is_ascension_mode":true,"campfire_choices":[{"floor":8.0,"key":"REST"},{"data":"Seek","floor":11.0,"key":"SMITH"},{"data":"Turbo","floor":15.0,"key":"SMITH"},{"data":"Biased Cognition","floor":24.0,"key":"SMITH"},{"data":"Darkness","floor":29.0,"key":"SMITH"},{"data":"Genetic Algorithm","floor":32.0,"key":"SMITH"},{"floor":49.0,"key":"RECALL"}],"neow_cost":"PERCENT_DAMAGE","seed_source_timestamp":0,"circlet_count":0,"master_deck":["AscendersBane","Strike_B","Defend_B","Defend_B","Defend_B","Dualcast","Genetic Algorithm+1","Seek+1","Ball Lightning","Cold Snap","Leap","Compile Driver","Steam Power","Echo Form","Hello World","Turbo+1","Conserve Battery","Electrodynamics","Cold Snap","Biased Cognition+1","Hello World","Darkness+1","Force Field+1","Glacier","Capacitor","Coolheaded","Seek","Echo Form","Hologram","Hologram+1","Coolheaded","Compile Driver","Self Repair","Multi-Cast","Heatsinks","Blizzard+1","Master of Strategy"],"special_seed":0,"relics":["Cracked Core","Orrery","Anchor","Vajra","PreservedInsect","Odd Mushroom","Smiling Mask","Coffee Dripper","Art of War","Blood Vial","Oddly Smooth Stone","Happy Flower","Ornamental Fan","Fusion Hammer","Strawberry","Bag of Preparation","Dream Catcher","Eternal Feather"],"potions_floor_usage":[],"damage_taken":[{"damage":0.0,"enemies":"Small Slimes","floor":1.0,"turns":3.0},{"damage":1.0,"enemies":"Cultist","floor":3.0,"turns":3.0},{"damage":33.0,"enemies":"Gremlin Nob","floor":6.0,"turns":4.0},{"damage":0.0,"enemies":"Jaw Worm","floor":7.0,"turns":2.0},{"damage":0.0,"enemies":"The Mushroom Lair","floor":10.0,"turns":4.0},{"damage":4.0,"enemies":"Red Slaver","floor":12.0,"turns":4.0},{"damage":8.0,"enemies":"Lagavulin","floor":14.0,"turns":5.0},{"damage":0.0,"enemies":"The Guardian","floor":16.0,"turns":10.0},{"damage":0.0,"enemies":"2 Thieves","floor":18.0,"turns":2.0},{"damage":0.0,"enemies":"Spheric Guardian","floor":19.0,"turns":2.0},{"damage":0.0,"enemies":"3 Cultists","floor":22.0,"turns":4.0},{"damage":9.0,"enemies":"Book of Stabbing","floor":23.0,"turns":3.0},{"damage":1.0,"enemies":"Cultist and Chosen","floor":25.0,"turns":5.0},{"damage":14.0,"enemies":"Slavers","floor":27.0,"turns":5.0},{"damage":9.0,"enemies":"Collector","floor":33.0,"turns":11.0},{"damage":0.0,"enemies":"3 Shapes","floor":35.0,"turns":6.0},{"damage":0.0,"enemies":"Orb Walker","floor":37.0,"turns":3.0},{"damage":14.0,"enemies":"Spire Growth","floor":38.0,"turns":6.0},{"damage":12.0,"enemies":"Transient","floor":40.0,"turns":6.0},{"damage":0.0,"enemies":"Sphere and 2 Shapes","floor":41.0,"turns":5.0},{"damage":0.0,"enemies":"Writhing Mass","floor":42.0,"turns":7.0},{"damage":9.0,"enemies":"Giant Head","floor":44.0,"turns":6.0},{"damage":0.0,"enemies":"4 Shapes","floor":45.0,"turns":3.0},{"damage":0.0,"enemies":"3 Darklings","floor":46.0,"turns":2.0},{"damage":18.0,"enemies":"Transient","floor":47.0,"turns":6.0},{"damage":6.0,"enemies":"Nemesis","floor":48.0,"turns":9.0},{"damage":36.0,"enemies":"Time Eater","floor":50.0,"turns":9.0},{"damage":7,"enemies":"Shield and Spear","floor":54,"turns":8},{"damage":71,"enemies":"The Heart","floor":55,"turns":5}],"seed_played":"-987271892789283625","potions_obtained":[{"floor":3.0,"key":"PowerPotion"},{"floor":4.0,"key":"CultistPotion"},{"floor":6.0,"key":"SteroidPotion"},{"floor":10.0,"key":"Fire Potion"},{"floor":16.0,"key":"LiquidBronze"},{"floor":19.0,"key":"Swift Potion"},{"floor":25.0,"key":"LiquidMemories"},{"floor":33.0,"key":"CultistPotion"},{"floor":35.0,"key":"SpeedPotion"},{"floor":44.0,"key":"DuplicationPotion"},{"floor":47.0,"key":"Ancient Potion"},{"floor":54,"key":"Ancient Potion"}],"is_trial":false,"path_per_floor":["M","?","M","?","$","E","M","R","T","?","R","M","?","E","R","B",null,"M","M","$","?","M","E","R","M","T","E","?","R","?","$","R","B",null,"M","?","M","M","?","M","M","M","T","E","M","M","M","E","R","B",null,"R","$","E","B"],"character_chosen":"DEFECT","items_purchased":["Orrery","Anchor","Hello World","Capacitor","Coolheaded","Master of Strategy","DuplicationPotion"],"campfire_rested":1,"item_purchase_floors":[5,5,20,31,31,53,53],"current_hp_per_floor":[46,46,45,45,45,12,12,33,33,33,33,29,29,21,21,21,59,59,59,59,59,59,50,50,51,51,39,39,39,39,39,39,32,61,63,63,65,53,60,50,52,54,54,47,49,65,63,73,73,53,72,72,72,67,0],"gold":64,"neow_bonus":"TWO_FIFTY_GOLD","is_prod":false,"is_daily":false,"chose_seed":false,"campfire_upgraded":5,"win_rate":0,"timestamp":1669231959,"path_taken":["M","?","M","?","$","E","?","R","T","?","R","M","?","E","R","BOSS","M","M","$","?","M","E","R","M","T","E","?","R","?","$","R","BOSS","M","?","?","M","?","M","M","M","T","E","M","M","M","E","R","BOSS","R","$","E","BOSS"],"build_version":"2022-10-04","purchased_purges":4,"victory":false,"max_hp_per_floor":[71,71,71,71,71,71,71,71,71,71,71,71,71,71,71,71,71,71,71,71,71,71,71,71,71,71,71,71,71,71,71,71,71,71,71,71,71,71,78,78,78,78,78,78,78,78,78,78,78,78,78,78,78,78,78],"relic_stats":{"Blood Vial":34,"Dream Catcher":0,"Happy Flower":[30],"counters":[29,148],"Ornamental Fan":[112],"Eternal Feather":0,"PreservedInsect":371,"Art of War":[34],"Bag of Preparation":[14],"Smiling Mask":225,"obtain_stats":[{"Happy Flower":27,"Vajra":6,"Oddly Smooth Stone":26,"Eternal Feather":54,"PreservedInsect":9,"Bag of Preparation":44,"Odd Mushroom":10,"Smiling Mask":14,"Blood Vial":23,"Anchor":5,"Dream Catcher":48,"Ornamental Fan":30,"Strawberry":39,"Orrery":5,"Fusion Hammer":34,"Coffee Dripper":17,"Art of War":21,"Cracked Core":0},{"Happy Flower":14,"Vajra":3,"Oddly Smooth Stone":13,"Eternal Feather":28,"PreservedInsect":4,"Bag of Preparation":22,"Odd Mushroom":5,"Smiling Mask":7,"Blood Vial":12,"Anchor":2,"Dream Catcher":26,"Ornamental Fan":14,"Strawberry":18,"Orrery":2,"Fusion Hammer":15,"Coffee Dripper":8,"Art of War":10,"Cracked Core":0},{"Happy Flower":56,"Vajra":10,"Oddly Smooth Stone":51,"Eternal Feather":143,"PreservedInsect":12,"Bag of Preparation":106,"Odd Mushroom":16,"Smiling Mask":25,"Blood Vial":46,"Anchor":6,"Dream Catcher":126,"Ornamental Fan":56,"Strawberry":82,"Orrery":6,"Fusion Hammer":67,"Coffee Dripper":35,"Art of War":39,"Cracked Core":0}]},"card_choices":[{"not_picked":["Leap","Stack"],"picked":"Melter","floor":1.0},{"not_picked":["Loop","Blizzard"],"picked":"Genetic Algorithm","floor":3.0},{"not_picked":["Rebound","Force Field"],"picked":"Seek","floor":5.0},{"not_picked":["Sweeping Beam","Force Field"],"picked":"Ball Lightning","floor":5.0},{"not_picked":["Redo","Turbo"],"picked":"Cold Snap","floor":5.0},{"not_picked":["Redo","Gash"],"picked":"Leap","floor":5.0},{"not_picked":["Steam","Stack"],"picked":"Compile Driver","floor":5.0},{"not_picked":["Rip and Tear","Genetic Algorithm"],"picked":"Steam Power","floor":6.0},{"not_picked":["Compile Driver","Leap"],"picked":"Echo Form","floor":7.0},{"not_picked":["Steam Power","Go for the Eyes"],"picked":"Hello World","floor":10.0},{"not_picked":["Gash","Leap"],"picked":"Turbo","floor":12.0},{"not_picked":["Consume","Ball Lightning"],"picked":"Conserve Battery","floor":14.0},{"not_picked":["Biased Cognition","Thunder Strike"],"picked":"Electrodynamics","floor":16.0},{"not_picked":["Streamline","Go for the Eyes"],"picked":"Cold Snap","floor":18.0},{"not_picked":["Hologram","Barrage"],"picked":"Biased Cognition","floor":19.0},{"not_picked":["Reprogram","Static Discharge"],"picked":"Darkness","floor":22.0},{"not_picked":["Steam Power","Barrage"],"picked":"Force Field+1","floor":23.0},{"not_picked":["Gash","Genetic Algorithm","Beam Cell"],"picked":"SKIP","floor":25.0},{"not_picked":["Blizzard","Rebound"],"picked":"Glacier","floor":27.0},{"not_picked":["Rainbow","Machine Learning"],"picked":"Seek","floor":33.0},{"not_picked":["Sweeping Beam+1","Sunder+1","Rip and Tear"],"picked":"SKIP","floor":35.0},{"not_picked":["Hello World+1","Chill"],"picked":"Hologram","floor":37.0},{"not_picked":["Ball Lightning+1","Barrage"],"picked":"Hologram+1","floor":38.0},{"not_picked":["Sunder","Steam+1"],"picked":"Coolheaded","floor":40.0},{"not_picked":["FTL","Glacier","Chill+1"],"picked":"SKIP","floor":41.0},{"not_picked":["Coolheaded","Steam+1","Gash"],"picked":"SKIP","floor":42.0},{"not_picked":["Coolheaded","Steam+1","Gash"],"picked":"SKIP","floor":42.0},{"not_picked":["Chill+1","Fusion"],"picked":"Compile Driver","floor":44.0},{"not_picked":["Hello World","Streamline+1"],"picked":"Self Repair","floor":45.0},{"not_picked":["Redo","Conserve Battery"],"picked":"Multi-Cast","floor":46.0},{"not_picked":["Storm","Coolheaded"],"picked":"Heatsinks","floor":47.0},{"not_picked":["Biased Cognition","Steam"],"picked":"Blizzard+1","floor":48.0},{"not_picked":["Go for the Eyes","Chaos","Chill+1"],"picked":"SKIP","floor":54}],"player_experience":1235159,"relics_obtained":[{"floor":6.0,"key":"Vajra"},{"floor":9.0,"key":"PreservedInsect"},{"floor":10.0,"key":"Odd Mushroom"},{"floor":14.0,"key":"Smiling Mask"},{"floor":23.0,"key":"Blood Vial"},{"floor":26.0,"key":"Oddly Smooth Stone"},{"floor":27.0,"key":"Happy Flower"},{"floor":44.0,"key":"Bag of Preparation"},{"floor":48.0,"key":"Dream Catcher"},{"floor":54,"key":"Eternal Feather"}],"event_choices":[{"damage_healed":0.0,"max_hp_gain":0.0,"max_hp_loss":0.0,"gold_gain":50.0,"event_name":"Golden Wing","player_choice":"Gained Gold","floor":2.0,"gold_loss":0.0,"damage_taken":0.0},{"damage_healed":0.0,"max_hp_gain":0.0,"max_hp_loss":0.0,"gold_gain":0.0,"event_name":"The Woman in Blue","player_choice":"Bought 1 Potion","floor":4.0,"gold_loss":0.0,"damage_taken":0.0},{"damage_healed":0.0,"max_hp_gain":0.0,"max_hp_loss":0.0,"gold_gain":0.0,"event_name":"Mushrooms","player_choice":"Fought Mushrooms","floor":10.0,"gold_loss":0.0,"damage_taken":0.0},{"cards_removed":["Strike_B"],"damage_healed":0.0,"max_hp_gain":0.0,"max_hp_loss":0.0,"gold_gain":0.0,"event_name":"Bonfire Elementals","player_choice":"Offered Basic","floor":13.0,"gold_loss":0.0,"damage_taken":0.0},{"damage_healed":0.0,"max_hp_gain":0.0,"max_hp_loss":0.0,"gold_gain":0.0,"event_name":"Addict","player_choice":"Obtained Relic","floor":21.0,"gold_loss":85.0,"damage_taken":0.0,"relics_obtained":["Art of War"]},{"cards_removed":["Defend_B"],"damage_healed":0.0,"max_hp_gain":0.0,"max_hp_loss":0.0,"gold_gain":0.0,"event_name":"Back to Basics","player_choice":"Elegance","floor":28.0,"gold_loss":0.0,"damage_taken":0.0},{"damage_healed":0.0,"max_hp_gain":0.0,"max_hp_loss":0.0,"gold_gain":0.0,"event_name":"The Mausoleum","player_choice":"Opened","floor":30.0,"gold_loss":0.0,"damage_taken":0.0,"relics_obtained":["Ornamental Fan"],"cards_obtained":["Writhe"]},{"damage_healed":0.0,"max_hp_gain":0.0,"max_hp_loss":0.0,"gold_gain":0.0,"event_name":"Duplicator","player_choice":"Copied","floor":36.0,"gold_loss":0.0,"damage_taken":0.0,"cards_obtained":["Echo Form"]},{"cards_removed":["Melter"],"damage_healed":0.0,"max_hp_gain":0.0,"max_hp_loss":0.0,"gold_gain":0.0,"event_name":"WeMeetAgain","player_choice":"Gave Card","floor":39.0,"gold_loss":0.0,"damage_taken":0.0,"relics_obtained":["Strawberry"]}],"is_beta":false,"boss_relics":[{"not_picked":["Black Star","SlaversCollar"],"picked":"Coffee Dripper"},{"not_picked":["Velvet Choker","Philosopher\u0027s Stone"],"picked":"Fusion Hammer"}],"items_purged_floors":[5,20,31,53],"is_endless":false,"potions_floor_spawned":[3,6,10,16,19,25,33,35,40,42,44,47,54],"killed_by":"The Heart","ascension_level":19}