{"gold_per_floor":[116,129,129,146,17,17,91,91,391,391,391],"floor_reached":11,"playtime":242,"items_purged":["Strike_B"],"score":142,"play_id":"98d75484-4a5d-4634-bc7e-0ad699736180","local_time":"20230123183529","is_ascension_mode":true,"campfire_choices":[{"data":"Ball Lightning","floor":6,"key":"SMITH"},{"data":"Cold Snap","floor":10,"key":"SMITH"}],"neow_cost":"NONE","seed_source_timestamp":410151380650900,"circlet_count":0,"master_deck":["AscendersBane","Strike_B","Strike_B","Strike_B","Defend_B","Defend_B","Defend_B","Defend_B","Zap+1","Dualcast","Cold Snap+1","Ball Lightning+1"],"relics":["Cracked Core","Bird Faced Urn","Nunchaku","Old Coin"],"potions_floor_usage":[7],"damage_taken":[{"damage":1,"enemies":"2 Louse","floor":1,"turns":2},{"damage":5,"enemies":"Small Slimes","floor":2,"turns":3},{"damage":0,"enemies":"Cultist","floor":4,"turns":2},{"damage":12,"enemies":"3 Sentries","floor":7,"turns":5},{"damage":30,"enemies":"Gremlin Gang","floor":11,"turns":3}],"seed_played":"2757137260900650846","potions_obtained":[{"floor":4,"key":"Dexterity Potion"}],"is_trial":false,"path_per_floor":["M","M","?","M","$","R","E","?","T","R","M"],"character_chosen":"DEFECT","items_purchased":["ColorlessPotion"],"campfire_rested":0,"item_purchase_floors":[5],"current_hp_per_floor":[63,58,32,32,32,32,20,25,25,25,0],"gold":391,"neow_bonus":"UPGRADE_CARD","is_prod":false,"is_daily":false,"chose_seed":false,"campfire_upgraded":2,"win_rate":0,"timestamp":1674516929,"path_taken":["M","M","?","M","$","R","E","?","T","R","M"],"build_version":"2022-12-18","purchased_purges":1,"victory":false,"max_hp_per_floor":[71,71,71,71,71,71,71,76,76,76,76],"relic_stats":{"Nunchaku":[0],"counters":[5,15],"Bird Faced Urn":[0],"obtain_stats":[{"Nunchaku":7,"Bird Faced Urn":3,"Cracked Core":0,"Old Coin":9},{"Nunchaku":4,"Bird Faced Urn":2,"Cracked Core":0,"Old Coin":4},{"Nunchaku":12,"Bird Faced Urn":5,"Cracked Core":0,"Old Coin":12}]},"card_choices":[{"not_picked":["Turbo","Auto Shields"],"picked":"Cold Snap","floor":1},{"not_picked":["Compile Driver","Recycle"],"picked":"Ball Lightning","floor":2},{"not_picked":["Beam Cell","Gash","BootSequence"],"picked":"SKIP","floor":4},{"not_picked":["Recycle","Turbo","Aggregate"],"picked":"SKIP","floor":7}],"player_experience":1410575,"relics_obtained":[{"floor":7,"key":"Nunchaku"},{"floor":9,"key":"Old Coin"}],"event_choices":[{"damage_healed":0,"gold_gain":0,"player_choice":"Success","damage_taken":26,"relics_obtained":["Bird Faced Urn"],"max_hp_gain":0,"max_hp_loss":0,"event_name":"Scrap Ooze","floor":3,"gold_loss":0},{"damage_healed":0,"gold_gain":0,"player_choice":"Donut","damage_taken":0,"max_hp_gain":5,"max_hp_loss":0,"event_name":"Big Fish","floor":8,"gold_loss":0}],"is_beta":false,"boss_relics":[],"items_purged_floors":[5],"is_endless":false,"potions_floor_spawned":[4],"killed_by":"Gremlin Gang","ascension_level":20}