{"neow_bonuses_skipped_log":["THREE_CARDS","TEN_PERCENT_HP_BONUS","THREE_RARE_CARDS"],"neow_costs_skipped_log":["NONE","NONE","PERCENT_DAMAGE"],"potions_obtained_entropic_brew":[[],[],[],[],[],[],[],[]],"gold_per_floor":[118,135,150,169,1,26,26,26],"floor_reached":8,"playtime":291,"items_purged":[],"score":116,"play_id":"85d24a89-5b9f-460d-985d-bb4a2a955d2f","local_time":"20230314004321","score_breakdown":["Floors Climbed (8): 40","Enemies Slain (4): 8","Exordium Elites Killed (1): 10","Bosses Slain (0): 0","Ascension (20): 58"],"is_ascension_mode":true,"potions_obtained_alchemize":[[],[],[],[],[],[],[],[]],"campfire_choices":[{"data":"Sweeping Beam","floor":7,"key":"SMITH"}],"lesson_learned_per_floor":[[],[],[],[],[],[],[],[]],"neow_cost":"NONE","improvable_cards":{},"seed_source_timestamp":2323417179150200,"shop_contents":[{"floor":5,"relics":["Darkstone Periapt","Anchor"],"cards":["Ball Lightning","Compile Driver","Amplify","Conserve Battery","Static Discharge","Purity","Mayhem"],"potions":["SmokeBomb","Strength Potion","ColorlessPotion"]}],"circlet_count":0,"master_deck":["AscendersBane","Strike_B","Strike_B","Strike_B","Strike_B","Defend_B","Defend_B","Defend_B","Defend_B","Zap","Dualcast","Cold Snap","Cold Snap","Rip and Tear","Sweeping Beam+1"],"potion_use_per_floor":[[],[],[],[],[],["FearPotion"],[],[]],"relics":["Nuclear Battery","Membership Card","Emotion Chip"],"potions_floor_usage":[6],"damage_taken":[{"damage":1,"enemies":"Cultist","floor":1,"turns":4},{"damage":8,"enemies":"2 Louse","floor":2,"turns":3},{"damage":5,"enemies":"Jaw Worm","floor":3,"turns":5},{"damage":4,"enemies":"Looter","floor":4,"turns":3},{"damage":27,"enemies":"Gremlin Nob","floor":6,"turns":4},{"damage":19,"enemies":"Large Slime","floor":8,"turns":2}],"seed_played":"-4503728039899379429","neow_bonus_log":{"cardsObtained":[],"cardsUpgraded":[],"cardsRemoved":[],"cardsTransformed":[],"relicsObtained":["Nuclear Battery"],"maxHpGained":0,"goldGained":0,"damageTaken":0,"goldLost":0,"maxHpLost":0},"potions_obtained":[{"floor":2,"key":"FearPotion"},{"floor":6,"key":"Dexterity Potion"}],"is_trial":false,"path_per_floor":["M","M","M","M","$","E","R","M"],"character_chosen":"DEFECT","basemod:card_modifiers":[null,null,null,null,null,null,null,null,null,null,null,null,null,null,null],"items_purchased":["Membership Card"],"campfire_rested":0,"item_purchase_floors":[5],"current_hp_per_floor":[63,55,50,46,46,19,19,0],"gold":26,"neow_bonus":"BOSS_RELIC","is_prod":false,"is_daily":false,"rewards_skipped":[],"chose_seed":false,"campfire_upgraded":1,"win_rate":0,"floor_exit_playtime":[68,100,147,191,216,259,272],"timestamp":1678769001,"path_taken":["M","M","M","?","$","E","R","M"],"build_version":"2022-12-18","purchased_purges":0,"victory":false,"max_hp_per_floor":[71,71,71,71,71,71,71,71],"relic_stats":{"Emotion Chip":[1,0,0,0,1],"counters":[6,21],"Membership Card":0,"obtain_stats":[{"Emotion Chip":6,"Membership Card":5,"Cracked Core":0,"Nuclear Battery":0},{"Emotion Chip":5,"Membership Card":4,"Cracked Core":0,"Nuclear Battery":0},{"Emotion Chip":19,"Membership Card":15,"Cracked Core":0,"Nuclear Battery":0}]},"card_choices":[{"not_picked":["Stack","Auto Shields","Storm"],"picked":"SKIP","floor":1},{"not_picked":["Beam Cell","Auto Shields"],"picked":"Cold Snap","floor":2},{"not_picked":["Hologram","Steam"],"picked":"Cold Snap","floor":3},{"not_picked":["Turbo","Compile Driver"],"picked":"Rip and Tear","floor":4},{"not_picked":["Scrape","Cold Snap"],"picked":"Sweeping Beam","floor":6}],"player_experience":1573191,"relics_obtained":[{"floor":6,"key":"Emotion Chip"}],"event_choices":[],"is_beta":false,"boss_relics":[],"items_purged_floors":[],"is_endless":false,"potions_floor_spawned":[2,6],"killed_by":"Large Slime","ascension_level":20,"potion_discard_per_floor":[[],[],[],[],[],[],[],[]]}