{"neow_bonuses_skipped_log":["THREE_CARDS","THREE_SMALL_POTIONS","BOSS_RELIC"],"neow_costs_skipped_log":["NONE","NONE","NONE"],"potions_obtained_entropic_brew":[[],[],[],[],[],[],[],[],[],[],[],[],[],[],[],[]],"gold_per_floor":[368,186,205,220,145,145,157,183,263,83,83,137,153,178,178,178],"floor_reached":16,"playtime":480,"items_purged":["Normality"],"score":270,"play_id":"1988a56a-1c67-4882-81e6-f066cb676020","local_time":"20230314010253","score_breakdown":["Floors Climbed (16): 80","Enemies Slain (5): 10","Exordium Elites Killed (2): 20","Bosses Slain (0): 0","Champion (1): 25","Ascension (20): 135"],"is_ascension_mode":true,"potions_obtained_alchemize":[[],[],[],[],[],[],[],[],[],[],[],[],[],[],[],[]],"campfire_choices":[{"data":"Streamline","floor":6,"key":"SMITH"},{"floor":11,"key":"REST"},{"data":"Reprogram","floor":15,"key":"SMITH"}],"lesson_learned_per_floor":[[],[],[],[],[],[],[],[],[],[],[],[],[],[],[],[]],"neow_cost":"CURSE","improvable_cards":{},"seed_source_timestamp":2324399946004500,"shop_contents":[{"floor":2,"relics":["Unceasing Top","Toy Ornithopter","Strange Spoon"],"cards":["Meteor Strike","Gash","Turbo","Glacier","Capacitor","Dramatic Entrance","The Bomb"],"potions":["DuplicationPotion"]},{"floor":10,"relics":["Bottled Flame","Gambling Chip","Lee\u0027s Waffle"],"cards":["Ball Lightning","Seek","Leap","Loop","Bandage Up","Mayhem"],"potions":["SkillPotion","FearPotion","Dexterity Potion"]}],"circlet_count":0,"master_deck":["AscendersBane","Strike_B","Strike_B+1","Strike_B","Defend_B","Defend_B","Defend_B","Defend_B","Zap","Dualcast","Gash","Streamline+1","Leap","All For One+1","Reprogram+1"],"potion_use_per_floor":[[],[],[],[],[],[],[],["Explosive Potion"],[],[],[],[],[],["DuplicationPotion"],[],[]],"relics":["Cracked Core","Calipers","Pantograph","Whetstone"],"potions_floor_usage":[8,14],"damage_taken":[{"damage":2,"enemies":"Cultist","floor":1,"turns":4},{"damage":0,"enemies":"2 Louse","floor":3,"turns":3},{"damage":2,"enemies":"Small Slimes","floor":4,"turns":4},{"damage":0,"enemies":"3 Louse","floor":7,"turns":2},{"damage":35,"enemies":"3 Sentries","floor":8,"turns":8},{"damage":6,"enemies":"Blue Slaver","floor":13,"turns":5},{"damage":0,"enemies":"Gremlin Nob","floor":14,"turns":2},{"damage":68,"enemies":"Hexaghost","floor":16,"turns":8}],"seed_played":"7306888182163629641","neow_bonus_log":{"cardsObtained":["Normality"],"cardsUpgraded":[],"cardsRemoved":[],"cardsTransformed":[],"relicsObtained":[],"maxHpGained":0,"goldGained":250,"damageTaken":0,"goldLost":0,"maxHpLost":0},"potions_obtained":[{"floor":8,"key":"DuplicationPotion"}],"is_trial":false,"path_per_floor":["M","$","M","M","?","R","M","E","T","$","R","?","M","E","R","B"],"character_chosen":"DEFECT","basemod:card_modifiers":[null,null,null,null,null,null,null,null,null,null,null,null,null,null,null],"items_purchased":["FocusPotion","Explosive Potion","All For One"],"campfire_rested":1,"item_purchase_floors":[2,2,10],"current_hp_per_floor":[62,62,62,60,60,60,60,25,25,25,46,46,40,40,40,0],"gold":178,"neow_bonus":"TWO_FIFTY_GOLD","is_prod":false,"is_daily":false,"rewards_skipped":[{"floor":3,"relics":[],"potions":["PowerPotion"]},{"floor":7,"relics":[],"potions":["Explosive Potion"]}],"chose_seed":false,"campfire_upgraded":2,"win_rate":0,"floor_exit_playtime":[58,96,121,155,161,168,193,283,290,306,317,322,377,405,411],"timestamp":1678770173,"path_taken":["M","$","M","M","?","R","M","E","T","$","R","?","M","E","R","BOSS"],"build_version":"2022-12-18","purchased_purges":1,"victory":false,"max_hp_per_floor":[71,71,71,71,71,71,71,71,71,71,71,71,71,71,71,71],"relic_stats":{"Calipers":[0],"counters":[8,36],"Pantograph":25,"Whetstone":["All For One","Strike_B"],"obtain_stats":[{"Calipers":8,"Pantograph":9,"Whetstone":14,"Cracked Core":0},{"Calipers":5,"Pantograph":5,"Whetstone":7,"Cracked Core":0},{"Calipers":21,"Pantograph":21,"Whetstone":28,"Cracked Core":0}]},"card_choices":[{"not_picked":["Turbo","Gash","Go for the Eyes"],"picked":"SKIP","floor":1},{"not_picked":["Double Energy","Hologram"],"picked":"Gash","floor":3},{"not_picked":["Cold Snap","Turbo"],"picked":"Streamline","floor":4},{"not_picked":["Redo","Barrage","Coolheaded"],"picked":"SKIP","floor":7},{"not_picked":["Steam","Cold Snap"],"picked":"Leap","floor":8},{"not_picked":["Sweeping Beam","Core Surge"],"picked":"Reprogram","floor":13},{"not_picked":["Static Discharge","Aggregate","Cold Snap"],"picked":"SKIP","floor":14}],"player_experience":1574157,"relics_obtained":[{"floor":8,"key":"Calipers"},{"floor":9,"key":"Pantograph"},{"floor":14,"key":"Whetstone"}],"event_choices":[{"cards_removed":["Strike_B"],"damage_healed":0,"gold_gain":0,"player_choice":"Card Removal","damage_taken":0,"max_hp_gain":0,"max_hp_loss":0,"event_name":"The Cleric","floor":5,"gold_loss":75},{"damage_healed":0,"gold_gain":54,"player_choice":"Gained Gold","damage_taken":0,"max_hp_gain":0,"max_hp_loss":0,"event_name":"Golden Wing","floor":12,"gold_loss":0}],"is_beta":false,"boss_relics":[],"items_purged_floors":[2],"is_endless":false,"potions_floor_spawned":[3,7,8],"killed_by":"Hexaghost","ascension_level":20,"potion_discard_per_floor":[[],[],[],[],[],[],[],[],[],[],[],[],[],[],[],[]]}