{"neow_bonuses_skipped_log":["REMOVE_CARD","THREE_ENEMY_KILL","BOSS_RELIC"],"neow_costs_skipped_log":["NONE","NONE","NONE"],"potions_obtained_entropic_brew":[[],[],[],[],[],[],[],[],[],[],[],[],[],[],[],[],[],[],[],[],[],[],[],[]],"gold_per_floor":[119,130,180,196,208,208,234,251,251,251,48,68,101,26,26,105,105,115,132,182,192,206,206,206],"floor_reached":24,"playtime":1213,"items_purged":["Strike_B"],"score":620,"play_id":"46bda1fd-5d7b-4181-9724-639bfa497ffe","local_time":"20230314003821","score_breakdown":["Floors Climbed (24): 120","Enemies Slain (10): 20","Exordium Elites Killed (2): 20","City Elites Killed (0): 0","Bosses Slain (1): 50","Champion (2): 50","Perfect (1): 50","Ascension (20): 310"],"is_ascension_mode":true,"potions_obtained_alchemize":[[],[],[],[],[],[],[],[],[],[],[],[],[],[],[],[],[],[],[],[],[],[],[],[]],"campfire_choices":[{"data":"Barrage","floor":6,"key":"SMITH"},{"data":"Buffer","floor":10,"key":"SMITH"},{"data":"Chaos","floor":15,"key":"SMITH"},{"floor":23,"key":"REST"}],"lesson_learned_per_floor":[[],[],[],[],[],[],[],[],[],[],[],[],[],[],[],[],[],[],[],[],[],[],[],[]],"neow_cost":"TEN_PERCENT_HP_LOSS","improvable_cards":{},"seed_source_timestamp":2322195245916200,"shop_contents":[{"floor":11,"relics":["Akabeko","HornCleat","Lee\u0027s Waffle"],"cards":["Beam Cell","Stack","BootSequence","Purity","Secret Technique"],"potions":["ColorlessPotion","ColorlessPotion","FearPotion"]}],"circlet_count":0,"master_deck":["AscendersBane","Strike_B+1","Strike_B+1","Defend_B","Defend_B","Defend_B","Zap","Dualcast","Glacier","Barrage+1","Buffer+1","Self Repair","Coolheaded","Capacitor","Ball Lightning","Chaos+1","Creative AI","Defragment+1","Undo","Coolheaded","Compile Driver"],"potion_use_per_floor":[[],[],[],[],[],[],["EssenceOfDarkness"],[],[],[],[],[],[],[],[],[],[],["LiquidMemories"],[],[],[],[],[],["FocusPotion","Fire Potion"]],"relics":["Cracked Core","Whetstone","Question Card","Du-Vu Doll","Nuclear Battery"],"potions_floor_usage":[7,18,24,24],"damage_taken":[{"damage":4,"enemies":"Small Slimes","floor":1,"turns":4},{"damage":0,"enemies":"Cultist","floor":2,"turns":4},{"damage":3,"enemies":"2 Louse","floor":4,"turns":2},{"damage":2,"enemies":"Exordium Thugs","floor":5,"turns":5},{"damage":0,"enemies":"Lagavulin","floor":7,"turns":5},{"damage":1,"enemies":"2 Fungi Beasts","floor":8,"turns":3},{"damage":6,"enemies":"Blue Slaver","floor":12,"turns":5},{"damage":0,"enemies":"Gremlin Nob","floor":13,"turns":5},{"damage":0,"enemies":"Slime Boss","floor":16,"turns":5},{"damage":18,"enemies":"2 Thieves","floor":18,"turns":4},{"damage":21,"enemies":"3 Byrds","floor":19,"turns":6},{"damage":9,"enemies":"Snake Plant","floor":21,"turns":4},{"damage":29,"enemies":"Centurion and Healer","floor":22,"turns":7},{"damage":35,"enemies":"Slavers","floor":24,"turns":3}],"green_key_taken_log":13,"seed_played":"-6968554309403171651","neow_bonus_log":{"cardsObtained":["Fusion","Glacier"],"cardsUpgraded":[],"cardsRemoved":[],"cardsTransformed":["Strike_B","Defend_B"],"relicsObtained":[],"maxHpGained":0,"goldGained":0,"damageTaken":0,"goldLost":0,"maxHpLost":7},"potions_obtained":[{"floor":2,"key":"EssenceOfDarkness"},{"floor":5,"key":"FairyPotion"},{"floor":8,"key":"LiquidMemories"},{"floor":13,"key":"FocusPotion"},{"floor":19,"key":"Fire Potion"}],"is_trial":false,"path_per_floor":["M","M","?","M","M","R","E","M","T","R","$","M","E","?","R","B",null,"M","M","?","M","M","R","E"],"character_chosen":"DEFECT","basemod:card_modifiers":[null,null,null,null,null,null,null,null,null,null,null,null,null,null,null,null,null,null,null,null,null],"items_purchased":["Capacitor","Ball Lightning"],"campfire_rested":1,"item_purchase_floors":[11,11],"current_hp_per_floor":[60,60,54,51,49,49,56,62,62,62,62,63,64,64,64,64,64,46,32,32,30,8,27,0],"gold":206,"neow_bonus":"TRANSFORM_TWO_CARDS","is_prod":false,"is_daily":false,"rewards_skipped":[{"floor":16,"relics":[],"potions":["Strength Potion"]}],"chose_seed":false,"campfire_upgraded":3,"win_rate":0,"floor_exit_playtime":[79,117,127,185,256,265,327,405,413,432,475,536,628,655,663,734,756,827,952,960,1049,1149,1153],"timestamp":1678768701,"path_taken":["M","M","?","M","M","R","E","M","T","R","$","?","E","?","R","BOSS","M","M","?","?","M","R","E"],"build_version":"2022-12-18","purchased_purges":1,"victory":false,"max_hp_per_floor":[64,64,64,64,64,64,64,64,64,64,64,64,64,64,64,64,64,64,64,64,64,64,64,64],"relic_stats":{"counters":[14,62],"Whetstone":["Strike_B","Strike_B"],"Question Card":7,"obtain_stats":[{"Du-Vu Doll":13,"Whetstone":7,"Cracked Core":0,"Question Card":9,"Nuclear Battery":17},{"Du-Vu Doll":8,"Whetstone":5,"Cracked Core":0,"Question Card":6,"Nuclear Battery":9},{"Du-Vu Doll":33,"Whetstone":20,"Cracked Core":0,"Question Card":23,"Nuclear Battery":38}]},"card_choices":[{"not_picked":["Redo","Gash"],"picked":"Barrage","floor":1},{"not_picked":["Steam","Go for the Eyes"],"picked":"Buffer","floor":2},{"not_picked":["Chill","Go for the Eyes","Steam Power"],"picked":"SKIP","floor":4},{"not_picked":["Streamline","Rebound"],"picked":"Self Repair","floor":5},{"not_picked":["Stack","Thunder Strike","Tempest"],"picked":"SKIP","floor":7},{"not_picked":["Stack","Thunder Strike","Tempest"],"picked":"SKIP","floor":7},{"not_picked":["Rebound","Gash"],"picked":"Coolheaded","floor":8},{"not_picked":["Streamline","Consume","Double Energy"],"picked":"Chaos","floor":12},{"not_picked":["Fusion","Barrage","Rip and Tear","Reinforced Body"],"picked":"SKIP","floor":13},{"not_picked":["Thunder Strike","Machine Learning","Buffer"],"picked":"Creative AI","floor":16},{"not_picked":["Beam Cell","Auto Shields","Leap"],"picked":"Defragment+1","floor":18},{"not_picked":["Leap","Coolheaded","Go for the Eyes"],"picked":"Undo","floor":19},{"not_picked":["Auto Shields","Go for the Eyes","Stack"],"picked":"Coolheaded","floor":21},{"not_picked":["Scrape","Reprogram","Beam Cell"],"picked":"Compile Driver","floor":22}],"player_experience":1571978,"relics_obtained":[{"floor":7,"key":"Whetstone"},{"floor":9,"key":"Question Card"},{"floor":13,"key":"Du-Vu Doll"}],"event_choices":[{"damage_healed":0,"gold_gain":50,"player_choice":"Touch","damage_taken":6,"max_hp_gain":0,"max_hp_loss":0,"event_name":"FaceTrader","floor":3,"gold_loss":0},{"cards_removed":["Fusion"],"damage_healed":0,"gold_gain":0,"player_choice":"Card Removal","damage_taken":0,"max_hp_gain":0,"max_hp_loss":0,"event_name":"The Cleric","floor":14,"gold_loss":75},{"damage_healed":0,"gold_gain":50,"player_choice":"Pray","damage_taken":0,"max_hp_gain":0,"max_hp_loss":0,"event_name":"Golden Shrine","floor":20,"gold_loss":0}],"is_beta":false,"boss_relics":[{"not_picked":["Snecko Eye","Runic Dome"],"picked":"Nuclear Battery"}],"items_purged_floors":[11],"is_endless":false,"potions_floor_spawned":[2,5,8,13,16,19],"killed_by":"Slavers","ascension_level":20,"potion_discard_per_floor":[[],[],[],[],[],[],[],[],[],[],[],[],["FairyPotion"],[],[],[],[],[],[],[],[],[],[],[]]}