{"neow_bonuses_skipped_log":["THREE_ENEMY_KILL","TWO_FIFTY_GOLD","BOSS_RELIC"],"neow_costs_skipped_log":["NONE","CURSE","NONE"],"potions_obtained_entropic_brew":[[],[],[],[],[],[],[],[],[],[],[],[],[],[],[],[]],"gold_per_floor":[113,132,146,146,163,163,190,190,190,218,230,252,264,276,288,300],"floor_reached":16,"playtime":660,"items_purged":[],"score":220,"play_id":"ea5dd4ba-12d6-4260-9a92-0fda7433f399","local_time":"20230321181842","score_breakdown":["Floors Climbed (16): 80","Enemies Slain (5): 10","Exordium Elites Killed (2): 20","Bosses Slain (0): 0","Ascension (20): 110"],"is_ascension_mode":true,"potions_obtained_alchemize":[[],[],[],[],[],[],[],[],[],[],[],[],[],[],[],[]],"campfire_choices":[{"data":"Fission","floor":6,"key":"SMITH"},{"data":"Zap","floor":11,"key":"SMITH"},{"data":"Coolheaded","floor":13,"key":"SMITH"},{"data":"Ball Lightning","floor":15,"key":"SMITH"}],"lesson_learned_per_floor":[[],[],[],[],[],[],[],[],[],[],[],[],[],[],[],[]],"neow_cost":"NONE","improvable_cards":{},"seed_source_timestamp":2991164955191600,"shop_contents":[],"circlet_count":0,"master_deck":["AscendersBane","Strike_B","Strike_B","Strike_B","Defend_B","Defend_B","Defend_B","Defend_B","Zap+1","Dualcast","Fission+1","Rebound","Ball Lightning+1","Coolheaded+1"],"potion_use_per_floor":[[],[],[],[],[],[],["BlessingOfTheForge"],["Fruit Juice"],[],["CultistPotion"],[],[],[],[],[],["PowerPotion"]],"relics":["Cracked Core","Darkstone Periapt","Molten Egg 2","MawBank"],"potions_floor_usage":[7,8,10,16],"damage_taken":[{"damage":1,"enemies":"Cultist","floor":1,"turns":3},{"damage":4,"enemies":"Small Slimes","floor":2,"turns":3},{"damage":7,"enemies":"Jaw Worm","floor":3,"turns":4},{"damage":2,"enemies":"Exordium Thugs","floor":5,"turns":4},{"damage":7,"enemies":"Lagavulin","floor":7,"turns":4},{"damage":20,"enemies":"3 Sentries","floor":10,"turns":4},{"damage":7,"enemies":"Looter","floor":12,"turns":3},{"damage":21,"enemies":"Hexaghost","floor":16,"turns":11}],"seed_played":"-6527035362973131841","neow_bonus_log":{"cardsObtained":["Fission"],"cardsUpgraded":[],"cardsRemoved":[],"cardsTransformed":[],"relicsObtained":[],"maxHpGained":0,"goldGained":0,"damageTaken":0,"goldLost":0,"maxHpLost":0},"potions_obtained":[{"floor":2,"key":"BlessingOfTheForge"},{"floor":7,"key":"Fruit Juice"},{"floor":8,"key":"LiquidBronze"},{"floor":8,"key":"CultistPotion"},{"floor":10,"key":"SpeedPotion"},{"floor":12,"key":"PowerPotion"}],"is_trial":false,"path_per_floor":["M","M","M","?","M","R","E","?","T","E","R","M","R","?","R","B"],"character_chosen":"DEFECT","basemod:card_modifiers":[null,null,null,null,null,null,null,null,null,null,null,null,null,null],"items_purchased":[],"campfire_rested":0,"item_purchase_floors":[],"current_hp_per_floor":[63,59,52,45,43,43,36,41,41,21,21,14,14,19,19,0],"gold":300,"neow_bonus":"ONE_RANDOM_RARE_CARD","is_prod":false,"is_daily":false,"rewards_skipped":[],"chose_seed":false,"campfire_upgraded":4,"win_rate":0,"floor_exit_playtime":[88,127,179,189,234,243,326,330,333,420,429,469,474,497,506],"timestamp":1679437122,"path_taken":["M","M","?","?","M","R","E","?","T","E","R","?","R","?","R","BOSS"],"build_version":"2022-12-18","purchased_purges":0,"victory":false,"max_hp_per_floor":[71,71,71,71,71,71,71,76,76,76,76,76,76,76,76,76],"relic_stats":{"Darkstone Periapt":0,"counters":[8,36],"MawBank":72,"obtain_stats":[{"Darkstone Periapt":7,"Molten Egg 2":9,"Cracked Core":0,"MawBank":10},{"Darkstone Periapt":5,"Molten Egg 2":5,"Cracked Core":0,"MawBank":6},{"Darkstone Periapt":18,"Molten Egg 2":18,"Cracked Core":0,"MawBank":22}]},"card_choices":[{"not_picked":["Conserve Battery","Redo"],"picked":"Sweeping Beam","floor":1},{"not_picked":["Undo","Gash"],"picked":"Rebound","floor":2},{"not_picked":["Go for the Eyes","Conserve Battery","Fusion"],"picked":"SKIP","floor":3},{"not_picked":["Amplify","Barrage"],"picked":"Ball Lightning","floor":5},{"not_picked":["Steam Power","Sunder","Chaos"],"picked":"SKIP","floor":7},{"not_picked":["Redo","Heatsinks"],"picked":"Coolheaded","floor":10},{"not_picked":["Barrage+1","Stack","Steam"],"picked":"SKIP","floor":12}],"player_experience":1601286,"relics_obtained":[{"floor":7,"key":"Darkstone Periapt"},{"floor":9,"key":"Molten Egg 2"},{"floor":10,"key":"MawBank"}],"event_choices":[{"cards_removed":["Strike_B"],"damage_healed":0,"gold_gain":0,"player_choice":"Card Removal","damage_taken":7,"max_hp_gain":0,"max_hp_loss":0,"event_name":"Golden Wing","floor":4,"gold_loss":0},{"damage_healed":0,"gold_gain":0,"player_choice":"Got Potions","damage_taken":0,"max_hp_gain":0,"max_hp_loss":0,"event_name":"Lab","floor":8,"gold_loss":0},{"cards_removed":["Sweeping Beam"],"damage_healed":5,"gold_gain":0,"player_choice":"Offered Common","damage_taken":0,"max_hp_gain":0,"max_hp_loss":0,"event_name":"Bonfire Elementals","floor":14,"gold_loss":0},{"cards_removed":["Sweeping Beam"],"damage_healed":5,"gold_gain":0,"player_choice":"Offered Special","damage_taken":0,"max_hp_gain":0,"max_hp_loss":0,"event_name":"Bonfire Elementals","floor":14,"gold_loss":0}],"is_beta":false,"boss_relics":[],"items_purged_floors":[],"is_endless":false,"potions_floor_spawned":[2,7,10,12],"killed_by":"Hexaghost","ascension_level":20,"potion_discard_per_floor":[[],[],[],[],[],[],[],[],[],[],[],["SpeedPotion"],[],[],[],[]]}