{"neow_bonuses_skipped_log":["THREE_CARDS","TEN_PERCENT_HP_BONUS","BOSS_RELIC"],"neow_costs_skipped_log":["NONE","NONE","NONE"],"potions_obtained_entropic_brew":[[],[],[],[],[],[],[],[],[],[],[],[],[]],"gold_per_floor":[117,134,144,154,229,229,241,254,336,365,365,376,376],"floor_reached":13,"playtime":394,"items_purged":[],"score":178,"play_id":"9b98b6bf-757f-48d6-843a-b14e6b0c4b26","local_time":"20230413003459","score_breakdown":["Floors Climbed (13): 65","Enemies Slain (7): 14","Exordium Elites Killed (1): 10","Bosses Slain (0): 0","Ascension (20): 89"],"is_ascension_mode":true,"potions_obtained_alchemize":[[],[],[],[],[],[],[],[],[],[],[],[],[]],"campfire_choices":[{"data":"Zap","floor":6,"key":"SMITH"},{"floor":11,"key":"REST"}],"lesson_learned_per_floor":[[],[],[],[],[],[],[],[],[],[],[],[],[]],"neow_cost":"TEN_PERCENT_HP_LOSS","improvable_cards":{},"seed_source_timestamp":75330914979600,"shop_contents":[],"circlet_count":0,"master_deck":["AscendersBane","Strike_B","Strike_B","Strike_B","Defend_B","Defend_B","Defend_B","Zap+1","Dualcast","Skim","Compile Driver","Tempest","Streamline","Leap","Cold Snap","Hologram","Hello World"],"special_seed":0,"potion_use_per_floor":[[],[],[],[],[],[],[],[],[],["Block Potion"],[],["Weak Potion"],[]],"relics":["Cracked Core","Molten Egg 2","Incense Burner"],"potions_floor_usage":[10,12],"damage_taken":[{"damage":1.0,"enemies":"Cultist","floor":1.0,"turns":3.0},{"damage":0.0,"enemies":"2 Louse","floor":2.0,"turns":2.0},{"damage":11.0,"enemies":"Small Slimes","floor":3.0,"turns":4.0},{"damage":6.0,"enemies":"Blue Slaver","floor":4.0,"turns":3.0},{"damage":25,"enemies":"Lots of Slimes","floor":7,"turns":4},{"damage":0,"enemies":"2 Fungi Beasts","floor":8,"turns":3},{"damage":9,"enemies":"Gremlin Nob","floor":10,"turns":4},{"damage":16,"enemies":"Gremlin Gang","floor":12,"turns":5},{"damage":9,"enemies":"3 Sentries","floor":13,"turns":2}],"seed_played":"-7338940523351222134","neow_bonus_log":{"cardsObtained":[],"cardsUpgraded":[],"cardsRemoved":["Strike_B","Defend_B"],"cardsTransformed":[],"relicsObtained":[],"maxHpGained":0,"goldGained":0,"damageTaken":0,"goldLost":0,"maxHpLost":7},"potions_obtained":[{"floor":1.0,"key":"FocusPotion"},{"floor":8,"key":"Block Potion"},{"floor":10,"key":"Weak Potion"}],"is_trial":false,"path_per_floor":["M","M","M","M","?","R","M","M","T","E","R","M","E"],"character_chosen":"DEFECT","basemod:card_modifiers":[null,null,null,null,null,null,null,null,null,null,null,null,null,null,null,null,null],"items_purchased":[],"campfire_rested":1,"item_purchase_floors":[],"current_hp_per_floor":[63,63,52,46,35,35,10,10,10,1,20,4,0],"gold":376,"neow_bonus":"REMOVE_TWO","is_prod":false,"is_daily":false,"rewards_skipped":[],"chose_seed":false,"campfire_upgraded":1,"win_rate":0,"floor_exit_playtime":[42,61,101,141,144,150,203,227,230,287,291,368],"timestamp":1681360499,"path_taken":["M","M","?","M","?","R","M","M","T","E","R","M","E"],"build_version":"2022-12-18","purchased_purges":0,"victory":false,"max_hp_per_floor":[64,64,64,64,64,64,64,64,64,64,64,64,64],"relic_stats":{"counters":[9,30],"obtain_stats":[{"Molten Egg 2":9,"Incense Burner":10,"Cracked Core":0},{"Molten Egg 2":6,"Incense Burner":7,"Cracked Core":0},{"Molten Egg 2":19,"Incense Burner":23,"Cracked Core":0}]},"card_choices":[{"not_picked":["Storm","Coolheaded"],"picked":"Skim","floor":1.0},{"not_picked":["Redo","Stack"],"picked":"Compile Driver","floor":2.0},{"not_picked":["Barrage","Stack"],"picked":"Tempest","floor":3.0},{"not_picked":["Stack","Hologram"],"picked":"Streamline","floor":4.0},{"not_picked":["Turbo","Rebound"],"picked":"Leap","floor":7},{"not_picked":["Barrage","BootSequence"],"picked":"Cold Snap","floor":8},{"not_picked":["Tempest","Conserve Battery"],"picked":"Hologram","floor":10},{"not_picked":["Buffer","Fusion"],"picked":"Hello World","floor":12}],"player_experience":1746746,"relics_obtained":[{"floor":9,"key":"Molten Egg 2"},{"floor":10,"key":"Incense Burner"}],"event_choices":[{"damage_healed":0.0,"max_hp_gain":0.0,"max_hp_loss":0.0,"gold_gain":75.0,"event_name":"World of Goop","player_choice":"Gather Gold","floor":5.0,"gold_loss":0.0,"damage_taken":11.0}],"is_beta":false,"boss_relics":[],"items_purged_floors":[],"is_endless":false,"potions_floor_spawned":[1,8,10],"killed_by":"3 Sentries","ascension_level":20,"potion_discard_per_floor":[[],[],[],[],[],[],[],[],[],[],[],[],[]]}