{"neow_bonuses_skipped_log":["THREE_CARDS","REMOVE_TWO","BOSS_RELIC"],"potions_obtained_entropic_brew":[[],[],[],[],[],[],[],[],[],[],[],[],[],[],[],[],[],[],[],[],[],[],[],[],[],[],[],[],[],[],[],[],[],[],[],[],[],[],[],[],[],[],[],[],[],[],[],[],[],[],[],[],[],[],[]],"neow_costs_skipped_log":["NONE","NO_GOLD","NONE"],"gold_per_floor":[211,224,237,80,55,55,87,99,126,140,154,154,154,186,186,257,257,275,275,245,256,256,288,303,303,351,351,351,365,375,409,409,480,480,499,499,50,50,63,63,96,108,108,124,124,41,53,53,53,53,53,53,53,12,12],"floor_reached":55,"playtime":4097,"items_purged":["Strike_B+1"],"score":1844,"play_id":"6cc5ac66-6254-4af4-8f09-f428cdb46091","local_time":"20230420223433","score_breakdown":["Floors Climbed (55): 275","Enemies Slain (16): 32","Exordium Elites Killed (2): 20","City Elites Killed (2): 40","Beyond Elites Killed (1): 30","Bosses Slain (4): 500","Champion (1): 25","Ascension (20): 922"],"is_ascension_mode":true,"potions_obtained_alchemize":[[],[],[],[],[],[],[],[],[],[],[],[],[],[],[],[],[],[],[],[],[],[],[],[],[],[],[],[],[],[],[],[],[],[],[],[],[],[],[],[],[],[],[],[],[],[],[],[],[],[],[],[],[],[],[]],"campfire_choices":[{"data":"Zap","floor":6,"key":"SMITH"},{"data":"Chaos","floor":12,"key":"SMITH"},{"data":"Coolheaded","floor":15,"key":"SMITH"},{"data":"Dualcast","floor":25,"key":"SMITH"},{"floor":27,"key":"REST"},{"floor":32,"key":"REST"},{"data":"Defragment","floor":40,"key":"SMITH"},{"data":"Biased Cognition","floor":45,"key":"SMITH"},{"floor":49,"key":"RECALL"},{"data":"Echo Form","floor":53,"key":"SMITH"}],"lesson_learned_per_floor":[[],[],[],[],[],[],[],[],[],[],[],[],[],[],[],[],[],[],[],[],[],[],[],[],[],[],[],[],[],[],[],[],[],[],[],[],[],[],[],[],[],[],[],[],[],[],[],[],[],[],[],[],[],[],[]],"neow_cost":"NONE","improvable_cards":{},"seed_source_timestamp":755609832854200,"shop_contents":[{"floor":4,"relics":["Bag of Marbles","Symbiotic Virus"],"cards":["Scrape","Beam Cell","Hologram","Chill","Storm","Blind","Violence"],"potions":["Dexterity Potion","Ancient Potion","EssenceOfSteel"]},{"floor":5,"relics":["InkBottle","Lantern","Chemical X"],"cards":["Barrage","Skim","Reinforced Body","Self Repair","Flash of Steel","The Bomb"],"potions":["Dexterity Potion","Swift Potion","SkillPotion"]},{"floor":37,"relics":["Vajra","Cauldron"],"cards":["Gash","Compile Driver","Turbo","Dramatic Entrance","Panache"],"potions":["Fruit Juice","EssenceOfSteel"]},{"floor":46,"relics":["Orichalcum","Eternal Feather","OrangePellets"],"cards":["Lockon","Melter","BootSequence","Chaos","Jack Of All Trades","Magnetism"],"potions":["Block Potion","SpeedPotion","BlessingOfTheForge"]},{"floor":54,"relics":["Pantograph","Whetstone","PrismaticShard"],"cards":["Streamline","Ball Lightning","Conserve Battery","Electrodynamics","Purity","Metamorphosis"],"potions":["FearPotion","DuplicationPotion","DistilledChaos"]}],"circlet_count":0,"master_deck":["AscendersBane","Strike_B+1","Defend_B+1","Defend_B+1","Defend_B+1","Defend_B+1","Zap+1","Dualcast+1","Conserve Battery","Cold Snap","Glacier","Cold Snap","Chaos+1","Compile Driver","Thunder Strike","Coolheaded+1","Core Surge","Coolheaded","Skim","Biased Cognition+1","Reinforced Body+1","Bandage Up","Thinking Ahead","Self Repair","Aggregate","Defragment+1","Capacitor","Capacitor","Echo Form+1","Redo+1","Recycle"],"potion_use_per_floor":[[],[],[],[],[],[],["Fire Potion"],[],[],[],["Fruit Juice"],[],[],["PowerPotion"],[],["FearPotion"],[],[],[],[],["DuplicationPotion"],[],["SteroidPotion"],[],[],[],[],[],["Regen Potion"],[],["Dexterity Potion"],[],[],[],[],[],[],[],[],[],["ColorlessPotion"],[],[],[],[],[],[],[],[],[],["BlessingOfTheForge"],[],[],[],[]],"relics":["Cracked Core","Sling","Omamori","Toy Ornithopter","PreservedInsect","Philosopher\u0027s Stone","Torii","Darkstone Periapt","DataDisk","Runic Pyramid","Happy Flower","WarpedTongs","Dream Catcher","Mummified Hand"],"potions_floor_usage":[7,11,14,16,21,23,29,31,41,51],"damage_taken":[{"damage":1,"enemies":"Cultist","floor":1,"turns":4},{"damage":1,"enemies":"2 Louse","floor":2,"turns":2},{"damage":7,"enemies":"Jaw Worm","floor":3,"turns":3},{"damage":4,"enemies":"Gremlin Nob","floor":7,"turns":3},{"damage":0,"enemies":"Large Slime","floor":8,"turns":6},{"damage":15,"enemies":"Lots of Slimes","floor":10,"turns":5},{"damage":4,"enemies":"Exordium Thugs","floor":11,"turns":4},{"damage":1,"enemies":"3 Sentries","floor":14,"turns":3},{"damage":16,"enemies":"Hexaghost","floor":16,"turns":9},{"damage":44,"enemies":"3 Byrds","floor":18,"turns":6},{"damage":0,"enemies":"Chosen","floor":21,"turns":6},{"damage":0,"enemies":"Book of Stabbing","floor":23,"turns":4},{"damage":7,"enemies":"Sentry and Sphere","floor":24,"turns":7},{"damage":9,"enemies":"Snecko","floor":29,"turns":7},{"damage":24,"enemies":"Snake Plant","floor":30,"turns":5},{"damage":25,"enemies":"Slavers","floor":31,"turns":4},{"damage":19,"enemies":"Champ","floor":33,"turns":27},{"damage":19,"enemies":"3 Darklings","floor":35,"turns":6},{"damage":0,"enemies":"3 Shapes","floor":39,"turns":8},{"damage":20,"enemies":"Nemesis","floor":41,"turns":5},{"damage":14,"enemies":"Writhing Mass","floor":42,"turns":7},{"damage":0,"enemies":"Spire Growth","floor":44,"turns":5},{"damage":35,"enemies":"4 Shapes","floor":47,"turns":14},{"damage":41,"enemies":"Donu and Deca","floor":50,"turns":14},{"damage":25,"enemies":"Awakened One","floor":51,"turns":14},{"damage":75,"enemies":"Shield and Spear","floor":55,"turns":3}],"green_key_taken_log":7,"seed_played":"323609766194415282","neow_bonus_log":{"cardsObtained":[],"cardsUpgraded":[],"cardsRemoved":[],"cardsTransformed":[],"relicsObtained":[],"maxHpGained":0,"goldGained":100,"damageTaken":0,"goldLost":0,"maxHpLost":0},"potions_obtained":[{"floor":2,"key":"Fire Potion"},{"floor":7,"key":"Fruit Juice"},{"floor":10,"key":"PowerPotion"},{"floor":14,"key":"FearPotion"},{"floor":18,"key":"SmokeBomb"},{"floor":20,"key":"DuplicationPotion"},{"floor":20,"key":"SteroidPotion"},{"floor":24,"key":"Regen Potion"},{"floor":30,"key":"Dexterity Potion"},{"floor":41,"key":"FearPotion"},{"floor":42,"key":"BlessingOfTheForge"}],"is_trial":false,"path_per_floor":["M","M","M","$","$","R","E","M","T","M","M","R","?","E","R","B",null,"M","?","?","M","T","E","M","R","T","R","?","M","M","E","R","B",null,"M","?","$","?","M","R","E","M","T","M","R","$","M","?","R","B","B",null,"R","$","E"],"character_chosen":"DEFECT","basemod:card_modifiers":[null,null,null,null,null,null,null,null,null,null,null,null,null,null,null,null,null,null,null,null,null,null,null,null,null,null,null,null,null,null,null],"items_purchased":["Sling","Cold Snap","Self Repair","Aggregate","Happy Flower","ColorlessPotion","Echo Form","Recycle"],"campfire_rested":2,"item_purchase_floors":[4,5,37,37,37,37,46,54],"current_hp_per_floor":[63,62,55,55,55,55,51,51,51,36,42,42,42,46,46,35,66,22,22,22,27,27,32,25,25,25,47,47,58,34,14,36,17,61,42,32,32,32,48,48,49,49,49,63,63,63,60,60,60,51,43,68,68,68,0],"gold":12,"neow_bonus":"HUNDRED_GOLD","is_prod":false,"is_daily":false,"rewards_skipped":[],"chose_seed":false,"campfire_upgraded":7,"win_rate":0,"floor_exit_playtime":[66,89,117,137,151,159,194,261,266,329,398,404,422,472,481,606,628,731,736,742,814,817,885,973,982,987,994,1011,1096,1164,1234,1237,1666,1686,1821,1837,1877,1882,2012,2021,2188,2347,2350,2453,2933,2952,3185,3188,3192,3547,4008,4019,4034,4041],"timestamp":1682044473,"blue_key_relic_skipped_log":{"floor":26,"relicID":"Tiny Chest"},"path_taken":["M","M","M","?","$","R","E","M","T","M","M","R","?","E","R","BOSS","M","?","?","?","?","E","?","R","T","R","?","M","M","E","R","BOSS","M","?","$","?","M","R","E","M","T","?","R","$","M","?","R","BOSS","BOSS","R","$","E"],"build_version":"2022-12-18","purchased_purges":1,"victory":false,"max_hp_per_floor":[71,71,71,71,71,71,71,71,71,71,76,76,76,76,76,76,76,76,76,76,76,76,76,76,76,76,76,76,76,76,76,76,76,76,76,76,76,76,76,76,76,76,76,76,76,76,76,76,76,76,76,76,76,76,76],"relic_stats":{"Darkstone Periapt":0,"Dream Catcher":0,"Torii":19,"Happy Flower":[23],"counters":[26,181],"Mummified Hand":[37],"PreservedInsect":210,"Omamori":1,"obtain_stats":[{"Darkstone Periapt":23,"Torii":22,"Happy Flower":37,"PreservedInsect":14,"Omamori":7,"Sling":4,"WarpedTongs":38,"DataDisk":31,"Dream Catcher":41,"Mummified Hand":43,"Philosopher\u0027s Stone":17,"Cracked Core":0,"Toy Ornithopter":9,"Runic Pyramid":34},{"Darkstone Periapt":12,"Torii":11,"Happy Flower":18,"PreservedInsect":8,"Omamori":4,"Sling":3,"WarpedTongs":18,"DataDisk":16,"Dream Catcher":20,"Mummified Hand":21,"Philosopher\u0027s Stone":9,"Cracked Core":0,"Toy Ornithopter":5,"Runic Pyramid":17},{"Darkstone Periapt":55,"Torii":51,"Happy Flower":111,"PreservedInsect":30,"Omamori":12,"Sling":9,"WarpedTongs":111,"DataDisk":78,"Dream Catcher":124,"Mummified Hand":131,"Philosopher\u0027s Stone":39,"Cracked Core":0,"Toy Ornithopter":18,"Runic Pyramid":105}],"Toy Ornithopter":45,"WarpedTongs":[58]},"card_choices":[{"not_picked":["Loop","Steam"],"picked":"Conserve Battery","floor":1},{"not_picked":["Reprogram","Go for the Eyes"],"picked":"Cold Snap","floor":2},{"not_picked":["Stack","Barrage"],"picked":"Glacier","floor":3},{"not_picked":["Steam Power","Sweeping Beam"],"picked":"Chaos","floor":7},{"not_picked":["Genetic Algorithm","Recycle"],"picked":"Compile Driver","floor":8},{"not_picked":["Consume","Streamline","Conserve Battery"],"picked":"SKIP","floor":10},{"not_picked":["Redo","Rebound","Cold Snap"],"picked":"SKIP","floor":11},{"not_picked":["Double Energy","Steam"],"picked":"Coolheaded","floor":14},{"not_picked":["Machine Learning","Buffer"],"picked":"Core Surge","floor":16},{"not_picked":["Sunder","Tempest"],"picked":"Coolheaded","floor":18},{"not_picked":["Coolheaded","Sweeping Beam","Rip and Tear"],"picked":"SKIP","floor":21},{"not_picked":["Conserve Battery","Sweeping Beam","Rainbow"],"picked":"SKIP","floor":23},{"not_picked":["Doom and Gloom","Rebound","Steam"],"picked":"SKIP","floor":24},{"not_picked":["Coolheaded","Steam","Auto Shields"],"picked":"SKIP","floor":29},{"not_picked":["Lockon","Redo","Rebound"],"picked":"SKIP","floor":30},{"not_picked":["Streamline+1","Stack"],"picked":"Skim","floor":31},{"not_picked":["Creative AI","Echo Form"],"picked":"Biased Cognition","floor":33},{"not_picked":["Ball Lightning+1","Turbo"],"picked":"Reinforced Body+1","floor":35},{"not_picked":["Deep Breath","Impatience"],"picked":"Bandage Up","floor":36},{"not_picked":["Dramatic Entrance","Swift Strike"],"picked":"Thinking Ahead","floor":36},{"not_picked":["Dramatic Entrance","Secret Weapon","Blind"],"picked":"SKIP","floor":36},{"not_picked":["Stack","Turbo"],"picked":"Defragment","floor":39},{"not_picked":["Ball Lightning","Cold Snap+1"],"picked":"Capacitor","floor":41},{"not_picked":["Coolheaded","Streamline"],"picked":"Capacitor","floor":42},{"not_picked":["Reinforced Body","Reprogram","Conserve Battery+1"],"picked":"SKIP","floor":44},{"not_picked":["Undo","Rebound"],"picked":"Redo+1","floor":47}],"player_experience":1849589,"relics_obtained":[{"floor":7,"key":"Omamori"},{"floor":9,"key":"Toy Ornithopter"},{"floor":14,"key":"PreservedInsect"},{"floor":22,"key":"Torii"},{"floor":23,"key":"Darkstone Periapt"},{"floor":31,"key":"DataDisk"},{"floor":41,"key":"Dream Catcher"},{"floor":43,"key":"Mummified Hand"}],"event_choices":[{"damage_healed":0,"gold_gain":0,"cards_transformed":["Strike_B"],"player_choice":"Change","damage_taken":0,"max_hp_gain":0,"max_hp_loss":0,"event_name":"Living Wall","floor":13,"gold_loss":0,"cards_obtained":["Thunder Strike"]},{"damage_healed":0,"gold_gain":0,"player_choice":"Simplicity","damage_taken":0,"max_hp_gain":0,"max_hp_loss":0,"event_name":"Back to Basics","floor":19,"gold_loss":0,"cards_upgraded":["Strike_B","Strike_B","Strike_B","Defend_B","Defend_B","Defend_B","Defend_B"]},{"damage_healed":0,"gold_gain":0,"player_choice":"Bought 2 Potions","damage_taken":0,"max_hp_gain":0,"max_hp_loss":0,"event_name":"The Woman in Blue","floor":20,"gold_loss":0},{"cards_removed":["Strike_B"],"damage_healed":0,"gold_gain":0,"player_choice":"Purged","damage_taken":0,"max_hp_gain":0,"max_hp_loss":0,"event_name":"Purifier","floor":28,"gold_loss":0},{"damage_healed":0,"gold_gain":0,"player_choice":"Memory 3","damage_taken":10,"max_hp_gain":0,"max_hp_loss":0,"event_name":"SensoryStone","floor":36,"gold_loss":0},{"damage_healed":0,"gold_gain":0,"player_choice":"Rummage","damage_taken":0,"relics_obtained":["WarpedTongs"],"max_hp_gain":0,"max_hp_loss":0,"event_name":"Accursed Blacksmith","floor":38,"gold_loss":0,"cards_obtained":["Pain"]},{"damage_healed":0,"gold_gain":0,"player_choice":"Ignored","damage_taken":0,"max_hp_gain":0,"max_hp_loss":0,"event_name":"SecretPortal","floor":48,"gold_loss":0}],"is_beta":false,"boss_relics":[{"not_picked":["Velvet Choker","Runic Dome"],"picked":"Philosopher\u0027s Stone"},{"not_picked":["Empty Cage","Tiny House"],"picked":"Runic Pyramid"}],"items_purged_floors":[37],"is_endless":false,"potions_floor_spawned":[2,7,10,14,18,24,30,41,42],"killed_by":"Shield and Spear","ascension_level":20,"potion_discard_per_floor":[[],[],[],[],[],[],[],[],[],[],[],[],[],[],[],[],[],[],[],["SmokeBomb"],[],[],[],[],[],[],[],[],[],[],[],[],[],[],[],[],[],[],[],[],[],[],[],[],[],[],[],[],[],[],[],[],[],[],[]]}