{"neow_bonuses_skipped_log":["RANDOM_COLORLESS","RANDOM_COLORLESS_2","BOSS_RELIC"],"potions_obtained_entropic_brew":[[],[],[],[],[],[],[],[],[],[],[],[],[],[],[],[],[],[],[],[],[],[],[],[],[],[],[]],"neow_costs_skipped_log":["NONE","CURSE","NONE"],"gold_per_floor":[217,237,248,128,128,128,153,153,153,172,172,7,40,52,52,128,128,139,156,171,171,171,171,184,184,236,236],"floor_reached":27,"playtime":1050,"items_purged":["Strike_B"],"score":546,"play_id":"397d9833-adf3-40de-b016-6a6e35837cfb","local_time":"20230420183358","score_breakdown":["Floors Climbed (27): 135","Enemies Slain (9): 18","Exordium Elites Killed (2): 20","City Elites Killed (0): 0","Bosses Slain (1): 50","Perfect (1): 50","Ascension (20): 273"],"is_ascension_mode":true,"potions_obtained_alchemize":[[],[],[],[],[],[],[],[],[],[],[],[],[],[],[],[],[],[],[],[],[],[],[],[],[],[],[]],"campfire_choices":[{"data":"Tempest","floor":6,"key":"SMITH"},{"data":"Defragment","floor":8,"key":"SMITH"},{"data":"Barrage","floor":11,"key":"SMITH"},{"floor":15,"key":"REST"},{"floor":23,"key":"REST"},{"floor":25,"key":"REST"}],"lesson_learned_per_floor":[[],[],[],[],[],[],[],[],[],[],[],[],[],[],[],[],[],[],[],[],[],[],[],[],[],[],[]],"neow_cost":"NONE","improvable_cards":{"Genetic Algorithm":[7]},"seed_source_timestamp":744226576420000,"shop_contents":[{"floor":4,"relics":["Frozen Egg 2","Thread and Needle","Lee\u0027s Waffle"],"cards":["Hyperbeam","Gash","Turbo","Capacitor","Enlightenment","Secret Weapon"],"potions":["Ancient Potion","BlessingOfTheForge","PowerPotion"]},{"floor":12,"relics":["Bottled Flame","CaptainsWheel"],"cards":["Go for the Eyes","Rebound","Rainbow","Stack","Hello World","Dramatic Entrance","Secret Technique"],"potions":["SneckoOil","DuplicationPotion","LiquidMemories"]}],"circlet_count":0,"master_deck":["AscendersBane","Strike_B","Strike_B","Strike_B","Defend_B","Defend_B","Defend_B","Zap","Dualcast","Cold Snap","Barrage+1","Tempest+1","Compile Driver","Defragment+1","Sweeping Beam","Turbo","Biased Cognition","Genetic Algorithm","Conserve Battery","Go for the Eyes","Reinforced Body"],"potion_use_per_floor":[[],[],[],[],[],[],["FocusPotion"],[],[],[],[],[],[],[],[],["DuplicationPotion"],[],["Dexterity Potion"],[],[],[],[],[],["Swift Potion"],[],[],[]],"relics":["Cracked Core","Blue Candle","Dead Branch","Runic Capacitor","Pen Nib","Runic Pyramid","CeramicFish"],"potions_floor_usage":[7,16,18,24],"damage_taken":[{"damage":0,"enemies":"Small Slimes","floor":1,"turns":3},{"damage":0,"enemies":"Cultist","floor":2,"turns":3},{"damage":5,"enemies":"Jaw Worm","floor":3,"turns":3},{"damage":21,"enemies":"3 Sentries","floor":7,"turns":5},{"damage":12,"enemies":"2 Fungi Beasts","floor":10,"turns":3},{"damage":4,"enemies":"Gremlin Nob","floor":13,"turns":3},{"damage":15,"enemies":"Red Slaver","floor":14,"turns":4},{"damage":0,"enemies":"Slime Boss","floor":16,"turns":5},{"damage":17,"enemies":"Shell Parasite","floor":18,"turns":3},{"damage":15,"enemies":"Spheric Guardian","floor":19,"turns":4},{"damage":14,"enemies":"Snecko","floor":20,"turns":4},{"damage":18,"enemies":"Centurion and Healer","floor":24,"turns":4},{"damage":34,"enemies":"Slavers","floor":27,"turns":3}],"seed_played":"2303508299991983117","neow_bonus_log":{"cardsObtained":[],"cardsUpgraded":[],"cardsRemoved":[],"cardsTransformed":[],"relicsObtained":[],"maxHpGained":0,"goldGained":100,"damageTaken":0,"goldLost":0,"maxHpLost":0},"potions_obtained":[{"floor":2,"key":"FocusPotion"},{"floor":10,"key":"Dexterity Potion"},{"floor":13,"key":"DuplicationPotion"},{"floor":19,"key":"Swift Potion"}],"is_trial":false,"path_per_floor":["M","M","M","$","?","R","E","R","T","M","R","$","E","M","R","B",null,"M","M","M","?","?","R","M","R","T","E"],"character_chosen":"DEFECT","basemod:card_modifiers":[null,null,null,null,null,null,null,null,null,null,null,null,null,null,null,null,null,null,null,null,null],"items_purchased":["Tempest","Runic Capacitor"],"campfire_rested":3,"item_purchase_floors":[4,12],"current_hp_per_floor":[64,64,59,59,59,59,38,38,38,26,26,26,22,7,28,28,60,43,28,14,14,8,29,11,32,32,0],"gold":236,"neow_bonus":"HUNDRED_GOLD","is_prod":false,"is_daily":false,"rewards_skipped":[],"chose_seed":false,"campfire_upgraded":3,"win_rate":0,"floor_exit_playtime":[74,114,151,186,191,200,273,280,288,334,343,354,533,602,604,675,696,768,839,913,917,922,926,978,981,983],"timestamp":1682030038,"path_taken":["M","M","M","$","?","R","E","R","T","?","R","$","E","M","R","BOSS","M","M","M","?","?","R","?","R","T","E"],"build_version":"2022-12-18","purchased_purges":1,"victory":false,"max_hp_per_floor":[71,71,71,71,71,71,71,71,71,71,71,71,71,71,71,71,71,71,71,71,71,71,71,71,71,71,71],"relic_stats":{"counters":[13,47],"Blue Candle":[0],"Dead Branch":[22],"CeramicFish":0,"Pen Nib":[3],"obtain_stats":[{"Blue Candle":7,"Dead Branch":9,"CeramicFish":26,"Pen Nib":13,"Runic Capacitor":12,"Cracked Core":0,"Runic Pyramid":17},{"Blue Candle":4,"Dead Branch":4,"CeramicFish":12,"Pen Nib":6,"Runic Capacitor":5,"Cracked Core":0,"Runic Pyramid":8},{"Blue Candle":14,"Dead Branch":14,"CeramicFish":44,"Pen Nib":20,"Runic Capacitor":17,"Cracked Core":0,"Runic Pyramid":29}]},"card_choices":[{"not_picked":["Conserve Battery","Streamline"],"picked":"Cold Snap","floor":1},{"not_picked":["Stack","Steam","Coolheaded"],"picked":"SKIP","floor":2},{"not_picked":["Auto Shields","Stack"],"picked":"Barrage","floor":3},{"not_picked":["Rebound","Steam Power"],"picked":"Defragment","floor":7},{"not_picked":["Stack","Tempest","Barrage"],"picked":"SKIP","floor":10},{"not_picked":["Blizzard","All For One"],"picked":"Sweeping Beam","floor":13},{"not_picked":["Leap","Steam"],"picked":"Turbo","floor":14},{"not_picked":["All For One","Hyperbeam"],"picked":"Biased Cognition","floor":16},{"not_picked":["Tempest","Gash"],"picked":"Genetic Algorithm","floor":18},{"not_picked":["FTL","Undo"],"picked":"Conserve Battery","floor":19},{"not_picked":["Rebound","Genetic Algorithm"],"picked":"Go for the Eyes","floor":20},{"not_picked":["Turbo+1","Rip and Tear"],"picked":"Reinforced Body","floor":24}],"player_experience":1844915,"relics_obtained":[{"floor":7,"key":"Blue Candle"},{"floor":9,"key":"Dead Branch"},{"floor":13,"key":"Pen Nib"},{"floor":26,"key":"CeramicFish"}],"event_choices":[{"damage_healed":0,"gold_gain":0,"cards_transformed":["Defend_B"],"player_choice":"Transformed","damage_taken":0,"max_hp_gain":0,"max_hp_loss":0,"event_name":"Transmorgrifier","floor":5,"gold_loss":0,"cards_obtained":["Compile Driver"]},{"damage_healed":0,"gold_gain":0,"player_choice":"Ignored","damage_taken":0,"max_hp_gain":0,"max_hp_loss":0,"event_name":"The Mausoleum","floor":21,"gold_loss":0},{"damage_healed":0,"gold_gain":0,"player_choice":"","damage_taken":6,"max_hp_gain":0,"max_hp_loss":0,"event_name":"Knowing Skull","floor":22,"potions_obtained":[],"gold_loss":0,"cards_obtained":[]}],"is_beta":false,"boss_relics":[{"not_picked":["FrozenCore","Sozu"],"picked":"Runic Pyramid"}],"items_purged_floors":[4],"is_endless":false,"potions_floor_spawned":[2,10,13,19],"killed_by":"Slavers","ascension_level":20,"potion_discard_per_floor":[[],[],[],[],[],[],[],[],[],[],[],[],[],[],[],[],[],[],[],[],[],[],[],[],[],[],[]]}