{"neow_bonuses_skipped_log":["THREE_CARDS","TWENTY_PERCENT_HP_BONUS","BOSS_RELIC"],"neow_costs_skipped_log":["NONE","NO_GOLD","NONE"],"potions_obtained_entropic_brew":[[],[],[],[],[],[],[],[],[],[],[],[],[],[],[],[],[],[],[],[],[],[],[],[],[],[],[],[],[],[],[],[],[],[],[],[],[],[],[],[],[]],"gold_per_floor":[114,130,147,222,38,38,58,84,84,84,106,106,137,154,154,227,227,241,241,156,156,167,167,195,195,195,232,259,281,303,343,355,440,502,529,252,269,285,210,242,242],"floor_reached":41,"playtime":2473,"items_purged":["Strike_B"],"score":1007,"play_id":"f170f10a-abf7-4679-94f0-686d3ef41987","local_time":"20230615105021","score_breakdown":["Floors Climbed (41): 205","Enemies Slain (13): 26","Exordium Elites Killed (2): 20","City Elites Killed (3): 60","Beyond Elites Killed (1): 30","Bosses Slain (2): 150","Well Fed: 25","Ascension (20): 491"],"is_ascension_mode":true,"potions_obtained_alchemize":[[],[],[],[],[],[],[],[],[],[],[],[],[],[],[],[],[],[],[],[],[],[],[],[],[],[],[],[],[],[],[],[],[],[],[],[],[],[],[],[],[]],"campfire_choices":[{"data":"Apotheosis","floor":6,"key":"SMITH"},{"floor":10,"key":"REST"},{"floor":12,"key":"REST"},{"data":"Hologram","floor":15,"key":"SMITH"},{"floor":23,"key":"REST"},{"floor":25,"key":"REST"},{"floor":32,"key":"REST"}],"lesson_learned_per_floor":[[],[],[],[],[],[],[],[],[],[],[],[],[],[],[],[],[],[],[],[],[],[],[],[],[],[],[],[],[],[],[],[],[],[],[],[],[],[],[],[],[]],"neow_cost":"NONE","improvable_cards":{},"seed_source_timestamp":22440525497800,"shop_contents":[{"floor":5,"relics":["Shuriken","Pear","Toolbox"],"cards":["Gash","Sweeping Beam","White Noise","Skim","Storm","Flash of Steel"],"potions":["EssenceOfSteel","Energy Potion","Block Potion"]},{"floor":36,"relics":["Girya","Sling"],"cards":["Compile Driver","Core Surge","Hologram","White Noise","Electrodynamics","Enlightenment","Magnetism"],"potions":["SteroidPotion","BlessingOfTheForge"]}],"circlet_count":0,"master_deck":["AscendersBane","Strike_B","Strike_B","Defend_B","Defend_B","Defend_B","Defend_B","Zap","Dualcast","Streamline","Compile Driver","Beam Cell","Apotheosis+1","Hologram+1","Steam","Rebound","Seek","Coolheaded","Recycle","Self Repair","Compile Driver+1","Glacier+1","Electrodynamics","Darkness+1","Capacitor","Defragment"],"potion_use_per_floor":[[],[],[],[],[],[],[],[],[],[],[],[],["Energy Potion"],[],[],[],[],[],[],[],[],[],[],[],[],[],[],["Fruit Juice"],["Block Potion"],["GamblersBrew"],[],[],[],[],[],["Fruit Juice"],[],[],[],["SkillPotion"],[]],"relics":["Cracked Core","Vajra","Blood Vial","Lantern","Odd Mushroom","StrikeDummy","Fusion Hammer","Bronze Scales","Ornamental Fan","MawBank","Juzu Bracelet","Matryoshka","Tiny House","DataDisk","Ancient Tea Set"],"potions_floor_usage":[13,28,29,30,36,40],"damage_taken":[{"damage":7,"enemies":"Jaw Worm","floor":1,"turns":4},{"damage":7,"enemies":"Small Slimes","floor":2,"turns":3},{"damage":1,"enemies":"Cultist","floor":3,"turns":3},{"damage":3,"enemies":"Large Slime","floor":7,"turns":5},{"damage":24,"enemies":"3 Sentries","floor":8,"turns":5},{"damage":10,"enemies":"The Mushroom Lair","floor":11,"turns":3},{"damage":12,"enemies":"Lagavulin","floor":13,"turns":5},{"damage":0,"enemies":"2 Fungi Beasts","floor":14,"turns":2},{"damage":18,"enemies":"The Guardian","floor":16,"turns":8},{"damage":0,"enemies":"Chosen","floor":18,"turns":2},{"damage":0,"enemies":"Spheric Guardian","floor":22,"turns":3},{"damage":31,"enemies":"Slavers","floor":24,"turns":5},{"damage":18,"enemies":"Book of Stabbing","floor":27,"turns":4},{"damage":6,"enemies":"Centurion and Healer","floor":28,"turns":5},{"damage":4,"enemies":"Snecko","floor":29,"turns":5},{"damage":19,"enemies":"Snake Plant","floor":30,"turns":4},{"damage":16,"enemies":"Slavers","floor":31,"turns":5},{"damage":42,"enemies":"Champ","floor":33,"turns":15},{"damage":6,"enemies":"3 Shapes","floor":35,"turns":6},{"damage":0,"enemies":"Orb Walker","floor":37,"turns":3},{"damage":11,"enemies":"3 Darklings","floor":38,"turns":4},{"damage":38,"enemies":"Reptomancer","floor":40,"turns":9},{"damage":74,"enemies":"Transient","floor":41,"turns":5}],"green_key_taken_log":40,"seed_played":"-2400751996183819898","neow_bonus_log":{"cardsObtained":[],"cardsUpgraded":[],"cardsRemoved":[],"cardsTransformed":[],"relicsObtained":["Vajra"],"maxHpGained":0,"goldGained":0,"damageTaken":0,"goldLost":0,"maxHpLost":0},"potions_obtained":[{"floor":7,"key":"GamblersBrew"},{"floor":8,"key":"Energy Potion"},{"floor":14,"key":"PotionOfCapacity"},{"floor":27,"key":"Fruit Juice"},{"floor":28,"key":"Block Potion"},{"floor":33,"key":"Fruit Juice"},{"floor":34,"key":"AttackPotion"},{"floor":37,"key":"PowerPotion"}],"is_trial":false,"path_per_floor":["M","M","M","?","$","R","M","E","T","R","?","R","E","M","R","B",null,"M","?","?","?","M","R","E","R","T","E","M","M","M","E","R","B",null,"M","$","M","M","?","E","M"],"character_chosen":"DEFECT","basemod:card_modifiers":[null,null,null,null,null,null,null,null,null,null,null,null,null,null,null,null,null,null,null,null,null,null,null,null,null,null],"items_purchased":["Apotheosis","DataDisk","SkillPotion"],"campfire_rested":5,"item_purchase_floors":[5,36,36],"current_hp_per_floor":[57,50,49,38,38,38,35,11,11,32,24,45,35,37,37,21,59,61,41,41,41,43,65,36,58,58,42,43,41,34,30,54,24,72,78,83,91,90,90,63,0],"gold":242,"neow_bonus":"RANDOM_COMMON_RELIC","is_prod":false,"is_daily":false,"rewards_skipped":[{"floor":38,"relics":[],"potions":["Ancient Potion"]}],"chose_seed":false,"campfire_upgraded":2,"win_rate":0,"floor_exit_playtime":[73,122,150,155,230,236,300,392,394,398,473,477,554,592,610,712,738,782,789,792,807,864,868,975,979,982,1092,1223,1300,1423,1526,1529,1790,1810,1939,1981,2022,2126,2134,2375],"timestamp":1686840621,"path_taken":["M","M","M","?","$","R","M","E","T","R","?","R","E","M","R","BOSS","M","?","?","?","M","R","E","R","T","E","M","M","M","E","R","BOSS","M","$","M","M","?","E","M"],"build_version":"2022-12-18","purchased_purges":1,"victory":false,"max_hp_per_floor":[71,71,71,71,71,71,71,71,71,71,71,71,71,71,71,71,71,71,76,76,76,76,76,76,76,76,76,81,81,81,81,81,81,86,86,91,91,91,91,91,91],"relic_stats":{"Blood Vial":33,"Matryoshka":0,"counters":[23,113],"Ornamental Fan":[76],"Bronze Scales":[189],"Juzu Bracelet":0,"MawBank":120,"Ancient Tea Set":[0],"obtain_stats":[{"Lantern":9,"Tiny House":34,"Vajra":0,"Juzu Bracelet":27,"Odd Mushroom":11,"MawBank":26,"Ancient Tea Set":40,"Blood Vial":8,"DataDisk":36,"Matryoshka":31,"Ornamental Fan":24,"Bronze Scales":20,"Fusion Hammer":17,"Cracked Core":0,"StrikeDummy":13},{"Lantern":5,"Tiny House":18,"Vajra":0,"Juzu Bracelet":13,"Odd Mushroom":6,"MawBank":12,"Ancient Tea Set":22,"Blood Vial":5,"DataDisk":19,"Matryoshka":17,"Ornamental Fan":12,"Bronze Scales":10,"Fusion Hammer":9,"Cracked Core":0,"StrikeDummy":7},{"Lantern":20,"Tiny House":86,"Vajra":0,"Juzu Bracelet":52,"Odd Mushroom":23,"MawBank":48,"Ancient Tea Set":108,"Blood Vial":20,"DataDisk":92,"Matryoshka":71,"Ornamental Fan":48,"Bronze Scales":40,"Fusion Hammer":38,"Cracked Core":0,"StrikeDummy":28}]},"card_choices":[{"not_picked":["Sweeping Beam","Go for the Eyes"],"picked":"Streamline","floor":1},{"not_picked":["Tempest","Conserve Battery"],"picked":"Compile Driver","floor":2},{"not_picked":["Streamline","Hyperbeam"],"picked":"Beam Cell","floor":3},{"not_picked":["Sweeping Beam","Turbo"],"picked":"Hologram","floor":7},{"not_picked":["Stack","All For One","Hologram"],"picked":"SKIP","floor":8},{"not_picked":["Beam Cell","Compile Driver"],"picked":"Steam","floor":11},{"not_picked":["Beam Cell","Force Field","Lockon"],"picked":"SKIP","floor":13},{"not_picked":["Compile Driver","Reprogram"],"picked":"Rebound","floor":14},{"not_picked":["Meteor Strike","Creative AI"],"picked":"Seek","floor":16},{"not_picked":["Ball Lightning","Beam Cell+1","Melter"],"picked":"SKIP","floor":18},{"not_picked":["Steam","Leap"],"picked":"Coolheaded","floor":22},{"not_picked":["Barrage+1","BootSequence"],"picked":"Recycle","floor":24},{"not_picked":["Chaos","Rip and Tear","Leap"],"picked":"SKIP","floor":27},{"not_picked":["Steam","Recycle","Steam Power"],"picked":"SKIP","floor":28},{"not_picked":["Genetic Algorithm","Turbo"],"picked":"Self Repair","floor":29},{"not_picked":["Cold Snap","Heatsinks"],"picked":"Compile Driver","floor":30},{"not_picked":["Ball Lightning","Reinforced Body+1"],"picked":"Glacier+1","floor":31},{"not_picked":["Amplify","Reboot"],"picked":"Electrodynamics","floor":33},{"not_picked":["Chill+1","Undo"],"picked":"Darkness+1","floor":35},{"not_picked":["Conserve Battery","Cold Snap"],"picked":"Capacitor","floor":37},{"not_picked":["Compile Driver","Barrage"],"picked":"Defragment","floor":38},{"not_picked":["Chaos","Meteor Strike","Rebound"],"picked":"SKIP","floor":40}],"player_experience":1961501,"relics_obtained":[{"floor":8,"key":"Blood Vial"},{"floor":9,"key":"Lantern"},{"floor":11,"key":"Odd Mushroom"},{"floor":13,"key":"StrikeDummy"},{"floor":24,"key":"Ornamental Fan"},{"floor":26,"key":"MawBank"},{"floor":27,"key":"Juzu Bracelet"},{"floor":31,"key":"Matryoshka"},{"floor":40,"key":"Ancient Tea Set"}],"event_choices":[{"damage_healed":0,"gold_gain":75,"player_choice":"Gather Gold","damage_taken":11,"max_hp_gain":0,"max_hp_loss":0,"event_name":"World of Goop","floor":4,"gold_loss":0},{"damage_healed":0,"gold_gain":0,"player_choice":"Fought Mushrooms","damage_taken":0,"max_hp_gain":0,"max_hp_loss":0,"event_name":"Mushrooms","floor":11,"gold_loss":0},{"damage_healed":0,"gold_gain":0,"player_choice":"Shed Blood","damage_taken":25,"max_hp_gain":5,"max_hp_loss":0,"event_name":"Forgotten Altar","floor":19,"gold_loss":0},{"damage_healed":0,"gold_gain":0,"player_choice":"Obtained Relic","damage_taken":0,"relics_obtained":["Bronze Scales"],"max_hp_gain":0,"max_hp_loss":0,"event_name":"Addict","floor":20,"gold_loss":85},{"damage_healed":0,"gold_gain":0,"player_choice":"Ignored","damage_taken":0,"max_hp_gain":0,"max_hp_loss":0,"event_name":"Vampires","floor":21,"gold_loss":0},{"cards_removed":["Strike_B"],"damage_healed":0,"gold_gain":0,"player_choice":"Single Remove","damage_taken":0,"max_hp_gain":0,"max_hp_loss":0,"event_name":"Designer","floor":39,"gold_loss":75}],"is_beta":false,"boss_relics":[{"not_picked":["Runic Dome","Cursed Key"],"picked":"Fusion Hammer"},{"not_picked":["Snecko Eye","Coffee Dripper"],"picked":"Tiny House"}],"items_purged_floors":[36],"is_endless":false,"potions_floor_spawned":[7,8,14,27,28,33,37,38],"killed_by":"Transient","ascension_level":20,"potion_discard_per_floor":[[],[],[],[],[],[],[],[],[],[],[],[],[],[],[],[],[],[],[],[],[],[],[],[],[],[],["PotionOfCapacity"],[],[],[],[],[],[],[],[],[],["AttackPotion"],[],[],[],[]]}