{"neow_bonuses_skipped_log":["ONE_RANDOM_RARE_CARD","REMOVE_TWO","BOSS_RELIC"],"potions_obtained_entropic_brew":[[],[],[],[],[],[],[],[],[],[],[],[]],"neow_costs_skipped_log":["NONE","NO_GOLD","NONE"],"gold_per_floor":[213,213,227,227,28,28,60,77,102,137,157,157],"floor_reached":12,"playtime":522,"items_purged":["Strike_B"],"score":176,"play_id":"e5951f40-1e5a-4636-a961-2d747b323326","local_time":"20230911233725","score_breakdown":["Floors Climbed (12): 60","Enemies Slain (4): 8","Exordium Elites Killed (2): 20","Bosses Slain (0): 0","Ascension (20): 88"],"is_ascension_mode":true,"potions_obtained_alchemize":[[],[],[],[],[],[],[],[],[],[],[],[]],"campfire_choices":[{"data":"Rip and Tear","floor":6,"key":"SMITH"}],"lesson_learned_per_floor":[[],[],[],[],[],[],[],[],[],[],[],[]],"neow_cost":"NONE","improvable_cards":{},"seed_source_timestamp":245941834937700,"shop_contents":[{"floor":5,"relics":["Pen Nib","Juzu Bracelet","Cauldron"],"cards":["Compile Driver","Darkness","Redo","Discovery","Secret Technique"],"potions":["FocusPotion","Weak Potion","SkillPotion"]}],"circlet_count":0,"master_deck":["AscendersBane","Strike_B","Strike_B","Defend_B","Defend_B","Defend_B","Defend_B","Zap","Dualcast","Cold Snap","Ball Lightning","Defragment","Rip and Tear+1","Hologram","Self Repair"],"potion_use_per_floor":[[],[],[],[],[],[],["Fire Potion"],[],[],[],[],[]],"relics":["Cracked Core","Anchor","Orichalcum","Nunchaku","Torii"],"potions_floor_usage":[7],"damage_taken":[{"damage":6,"enemies":"2 Louse","floor":1,"turns":3},{"damage":0,"enemies":"Cultist","floor":3,"turns":4},{"damage":4,"enemies":"Gremlin Nob","floor":7,"turns":3},{"damage":0,"enemies":"Jaw Worm","floor":8,"turns":3},{"damage":14,"enemies":"3 Sentries","floor":10,"turns":8},{"damage":1,"enemies":"3 Louse","floor":11,"turns":4},{"damage":43,"enemies":"Gremlin Nob","floor":12,"turns":4}],"seed_played":"-5978365774977545911","neow_bonus_log":{"cardsObtained":[],"cardsUpgraded":[],"cardsRemoved":[],"cardsTransformed":[],"relicsObtained":[],"maxHpGained":0,"goldGained":100,"damageTaken":0,"goldLost":0,"maxHpLost":0},"potions_obtained":[{"floor":3,"key":"Fire Potion"},{"floor":8,"key":"SmokeBomb"},{"floor":10,"key":"Strength Potion"}],"is_trial":false,"path_per_floor":["M","?","M","?","$","R","E","M","T","E","M","E"],"character_chosen":"DEFECT","basemod:card_modifiers":[null,null,null,null,null,null,null,null,null,null,null,null,null,null,null],"items_purchased":["Defragment","Rip and Tear"],"campfire_rested":0,"item_purchase_floors":[5,5],"current_hp_per_floor":[58,53,53,53,53,53,49,49,49,35,34,0],"gold":157,"neow_bonus":"HUNDRED_GOLD","is_prod":false,"is_daily":false,"rewards_skipped":[],"chose_seed":false,"campfire_upgraded":1,"win_rate":0,"floor_exit_playtime":[57,66,114,126,185,196,235,274,283,397,456],"timestamp":1694489845,"path_taken":["M","?","M","?","$","R","E","M","T","E","M","E"],"build_version":"2022-12-18","purchased_purges":1,"victory":false,"max_hp_per_floor":[71,71,71,71,71,71,71,71,71,71,71,71],"relic_stats":{"Nunchaku":[1],"Torii":2,"counters":[7,29],"Orichalcum":[42],"obtain_stats":[{"Anchor":2,"Nunchaku":9,"Torii":10,"Orichalcum":7,"Cracked Core":0},{"Anchor":1,"Nunchaku":4,"Torii":5,"Orichalcum":3,"Cracked Core":0},{"Anchor":3,"Nunchaku":13,"Torii":21,"Orichalcum":10,"Cracked Core":0}]},"card_choices":[{"not_picked":["Hologram","Storm"],"picked":"Cold Snap","floor":1},{"not_picked":["Static Discharge","Steam"],"picked":"Ball Lightning","floor":3},{"not_picked":["Hello World","Aggregate"],"picked":"Hologram","floor":7},{"not_picked":["Aggregate","Storm","Tempest"],"picked":"SKIP","floor":8},{"not_picked":["Streamline","BootSequence","Recycle"],"picked":"SKIP","floor":10},{"not_picked":["Skim","Ball Lightning"],"picked":"Self Repair","floor":11}],"player_experience":1977725,"relics_obtained":[{"floor":7,"key":"Orichalcum"},{"floor":9,"key":"Nunchaku"},{"floor":10,"key":"Torii"}],"event_choices":[{"damage_healed":0,"gold_gain":0,"player_choice":"Success","damage_taken":5,"relics_obtained":["Anchor"],"max_hp_gain":0,"max_hp_loss":0,"event_name":"Scrap Ooze","floor":2,"gold_loss":0},{"cards_removed":["Strike_B"],"damage_healed":0,"gold_gain":0,"player_choice":"Offered Basic","damage_taken":0,"max_hp_gain":0,"max_hp_loss":0,"event_name":"Bonfire Elementals","floor":4,"gold_loss":0}],"is_beta":false,"boss_relics":[],"items_purged_floors":[5],"is_endless":false,"potions_floor_spawned":[3,8,10],"killed_by":"Gremlin Nob","ascension_level":20,"potion_discard_per_floor":[[],[],[],[],[],[],[],[],[],[],[],[]]}