{"neow_bonuses_skipped_log":["TRANSFORM_CARD","THREE_SMALL_POTIONS","BOSS_RELIC"],"potions_obtained_entropic_brew":[[],[],[],[],[],[],[],[],[],[],[],[],[],[],[],[],[],[],[],[]],"neow_costs_skipped_log":["NONE","NONE","NONE"],"gold_per_floor":[16,16,30,42,58,58,83,103,103,129,144,144,219,231,231,305,305,319,319,319],"floor_reached":20,"playtime":1688,"items_purged":[],"score":372,"play_id":"1f8b10ea-c419-4248-bd99-1e582e420488","local_time":"20231025120952","score_breakdown":["Floors Climbed (20): 100","Enemies Slain (8): 16","Exordium Elites Killed (2): 20","City Elites Killed (0): 0","Bosses Slain (1): 50","Ascension (20): 186"],"is_ascension_mode":true,"potions_obtained_alchemize":[[],[],[],[],[],[],[],[],[],[],[],[],[],[],[],[],[],[],[],[]],"campfire_choices":[{"data":"Reprogram","floor":6,"key":"SMITH"},{"data":"Chaos","floor":15,"key":"SMITH"}],"lesson_learned_per_floor":[[],[],[],[],[],[],[],[],[],[],[],[],[],[],[],[],[],[],[],[]],"neow_cost":"NO_GOLD","improvable_cards":{},"seed_source_timestamp":3317250663205700,"shop_contents":[],"circlet_count":0,"master_deck":["AscendersBane","Strike_B","Strike_B","Strike_B","Defend_B","Defend_B","Defend_B","Defend_B","Zap","Dualcast","Secret Weapon","Reprogram+1","Darkness","Barrage","FTL","Rebound","Gash","Chaos+1","Conserve Battery","Hello World","Undo","Meteor Strike","Decay"],"potion_use_per_floor":[[],[],[],[],["LiquidMemories"],[],["DuplicationPotion"],[],[],["GamblersBrew"],[],[],[],[],[],["Fire Potion"],[],[],[],[]],"relics":["FrozenCore","PreservedInsect","Gambling Chip","Letter Opener"],"potions_floor_usage":[5,7,10,16],"damage_taken":[{"damage":2,"enemies":"2 Louse","floor":1,"turns":3},{"damage":1,"enemies":"Cultist","floor":3,"turns":4},{"damage":0,"enemies":"Jaw Worm","floor":4,"turns":3},{"damage":6,"enemies":"Looter","floor":5,"turns":3},{"damage":16,"enemies":"Lagavulin","floor":7,"turns":7},{"damage":17,"enemies":"Exordium Wildlife","floor":8,"turns":6},{"damage":7,"enemies":"Gremlin Nob","floor":10,"turns":3},{"damage":5,"enemies":"2 Fungi Beasts","floor":11,"turns":3},{"damage":0,"enemies":"Red Slaver","floor":14,"turns":3},{"damage":6,"enemies":"The Guardian","floor":16,"turns":11},{"damage":41,"enemies":"3 Byrds","floor":18,"turns":8},{"damage":19,"enemies":"Spheric Guardian","floor":20,"turns":4}],"seed_played":"-2311289651521142404","neow_bonus_log":{"cardsObtained":[],"cardsUpgraded":[],"cardsRemoved":[],"cardsTransformed":[],"relicsObtained":[],"maxHpGained":0,"goldGained":0,"damageTaken":0,"goldLost":99,"maxHpLost":0},"potions_obtained":[{"floor":1,"key":"DuplicationPotion"},{"floor":3,"key":"LiquidMemories"},{"floor":7,"key":"SteroidPotion"},{"floor":8,"key":"GamblersBrew"},{"floor":10,"key":"Fire Potion"}],"is_trial":false,"path_per_floor":["M","?","M","M","M","R","E","M","T","E","M","?","?","M","R","B",null,"M","?","M"],"character_chosen":"DEFECT","basemod:card_modifiers":[null,null,null,null,null,null,null,null,null,null,null,null,null,null,null,null,null,null,null,null,null,null,null],"items_purchased":[],"campfire_rested":0,"item_purchase_floors":[],"current_hp_per_floor":[62,62,61,61,55,55,39,22,22,15,10,33,22,22,22,16,57,16,16,0],"gold":319,"neow_bonus":"RANDOM_COLORLESS_2","is_prod":false,"is_daily":false,"rewards_skipped":[],"chose_seed":false,"campfire_upgraded":2,"win_rate":0,"floor_exit_playtime":[57,62,105,142,193,848,1029,1094,1099,1166,1217,1220,1223,1262,1275,1453,1466,1626,1636],"timestamp":1698250192,"path_taken":["M","?","M","?","M","R","E","M","T","E","M","?","?","M","R","BOSS","M","?","M"],"build_version":"2022-12-18","purchased_purges":0,"victory":false,"max_hp_per_floor":[71,71,71,71,71,71,71,71,71,71,71,71,71,71,71,71,71,71,71,71],"relic_stats":{"counters":[12,58],"Gambling Chip":[23],"PreservedInsect":22,"Letter Opener":[75],"obtain_stats":[{"Gambling Chip":9,"PreservedInsect":7,"Letter Opener":10,"Cracked Core":0,"FrozenCore":17},{"Gambling Chip":6,"PreservedInsect":5,"Letter Opener":7,"Cracked Core":0,"FrozenCore":10},{"Gambling Chip":26,"PreservedInsect":20,"Letter Opener":29,"Cracked Core":0,"FrozenCore":46}],"FrozenCore":[6]},"card_choices":[{"not_picked":["Transmutation","Metamorphosis"],"picked":"Secret Weapon","floor":0},{"not_picked":["Reprogram","Steam","Redo"],"picked":"SKIP","floor":1},{"not_picked":["Steam","Redo"],"picked":"Reprogram","floor":1},{"not_picked":["Rebound","Heatsinks"],"picked":"Barrage","floor":3},{"not_picked":["Beam Cell","Rebound"],"picked":"FTL","floor":4},{"not_picked":["Go for the Eyes","Turbo"],"picked":"Rebound","floor":5},{"not_picked":["Stack","Leap"],"picked":"Gash","floor":7},{"not_picked":["Compile Driver","Hologram"],"picked":"Chaos","floor":8},{"not_picked":["Lockon","Rainbow"],"picked":"Conserve Battery","floor":10},{"not_picked":["Aggregate","Hologram"],"picked":"Hello World","floor":11},{"not_picked":["Tempest","Force Field"],"picked":"Undo","floor":14},{"not_picked":["Seek","Multi-Cast"],"picked":"Meteor Strike","floor":16},{"not_picked":["Gash","White Noise","Beam Cell"],"picked":"SKIP","floor":18}],"player_experience":2200513,"relics_obtained":[{"floor":7,"key":"PreservedInsect"},{"floor":9,"key":"Gambling Chip"},{"floor":10,"key":"Letter Opener"}],"event_choices":[{"damage_healed":0,"gold_gain":0,"cards_transformed":["Strike_B"],"player_choice":"Transformed","damage_taken":0,"max_hp_gain":0,"max_hp_loss":0,"event_name":"Transmorgrifier","floor":2,"gold_loss":0,"cards_obtained":["Darkness"]},{"damage_healed":23,"gold_gain":0,"player_choice":"Banana","damage_taken":0,"max_hp_gain":0,"max_hp_loss":0,"event_name":"Big Fish","floor":12,"gold_loss":0},{"damage_healed":0,"gold_gain":75,"player_choice":"Gather Gold","damage_taken":11,"max_hp_gain":0,"max_hp_loss":0,"event_name":"World of Goop","floor":13,"gold_loss":0},{"damage_healed":0,"gold_gain":0,"player_choice":"Smashed Altar","damage_taken":0,"max_hp_gain":0,"max_hp_loss":0,"event_name":"Forgotten Altar","floor":19,"gold_loss":0,"cards_obtained":["Decay"]}],"is_beta":false,"boss_relics":[{"not_picked":["Tiny House","Ectoplasm"],"picked":"FrozenCore"}],"items_purged_floors":[],"is_endless":false,"potions_floor_spawned":[1,3,7,8,10],"killed_by":"Spheric Guardian","ascension_level":20,"potion_discard_per_floor":[[],[],[],[],[],[],[],[],[],[],[],[],[],[],[],[],[],[],[],[]]}