{"neow_bonuses_skipped_log":["REMOVE_CARD","TWO_FIFTY_GOLD","BOSS_RELIC"],"potions_obtained_entropic_brew":[[],[],[],[],[],[],[],[],[],[],[],[],[],[],[],["FearPotion","FairyPotion"],[],[],[],[],[],[],[],[],[]],"neow_costs_skipped_log":["NONE","CURSE","NONE"],"gold_per_floor":[119,119,129,45,60,60,88,88,88,88,106,141,158,172,172,246,246,262,272,322,247,258,258,271,271],"floor_reached":25,"playtime":934,"items_purged":[],"score":430,"play_id":"4c740b45-1b5c-4809-94a9-a80c3e0532cd","local_time":"20231025105541","score_breakdown":["Floors Climbed (25): 125","Enemies Slain (10): 20","Exordium Elites Killed (2): 20","City Elites Killed (0): 0","Bosses Slain (1): 50","Ascension (20): 215"],"is_ascension_mode":true,"potions_obtained_alchemize":[[],[],[],[],[],[],[],[],[],[],[],[],[],[],[],[],[],[],[],[],[],[],[],[],[]],"campfire_choices":[{"data":"Static Discharge","floor":6,"key":"SMITH"},{"data":"Tempest","floor":10,"key":"SMITH"},{"data":"Seek","floor":15,"key":"SMITH"},{"floor":23,"key":"REST"}],"lesson_learned_per_floor":[[],[],[],[],[],[],[],[],[],[],[],[],[],[],[],[],[],[],[],[],[],[],[],[],[]],"neow_cost":"NONE","improvable_cards":{},"seed_source_timestamp":3313553135977400,"shop_contents":[{"floor":4,"relics":["Boot","Blue Candle","Membership Card"],"cards":["Sweeping Beam","Melter","White Noise","Leap","Deep Breath","Apotheosis"],"potions":["FearPotion","DuplicationPotion","SkillPotion"]}],"circlet_count":0,"master_deck":["AscendersBane","Strike_B+1","Strike_B+1","Defend_B","Defend_B","Defend_B","Defend_B","Zap","Dualcast","Tempest+1","Beam Cell","Self Repair","Static Discharge+1","Static Discharge","Turbo","Seek+1","Capacitor","Buffer","Compile Driver+1","Cold Snap","Doom and Gloom"],"potion_use_per_floor":[["SteroidPotion"],[],[],[],[],[],["Dexterity Potion"],[],[],[],[],["Explosive Potion"],[],[],[],["BlessingOfTheForge","EntropicBrew"],[],[],[],[],[],["FairyPotion"],[],[],["EssenceOfSteel"]],"relics":["Cracked Core","StrikeDummy","Whetstone","Centennial Puzzle","Smiling Mask","Cursed Key"],"potions_floor_usage":[1,7,12,16,16,25],"damage_taken":[{"damage":7,"enemies":"Jaw Worm","floor":1,"turns":3},{"damage":1,"enemies":"Cultist","floor":3,"turns":3},{"damage":7,"enemies":"Small Slimes","floor":5,"turns":3},{"damage":4,"enemies":"Gremlin Nob","floor":7,"turns":3},{"damage":9,"enemies":"Red Slaver","floor":11,"turns":2},{"damage":20,"enemies":"3 Sentries","floor":12,"turns":6},{"damage":12,"enemies":"Looter","floor":13,"turns":3},{"damage":7,"enemies":"Exordium Wildlife","floor":14,"turns":3},{"damage":36,"enemies":"Hexaghost","floor":16,"turns":4},{"damage":19,"enemies":"Spheric Guardian","floor":18,"turns":3},{"damage":29,"enemies":"2 Thieves","floor":19,"turns":3},{"damage":38,"enemies":"3 Cultists","floor":22,"turns":5},{"damage":14,"enemies":"Snake Plant","floor":24,"turns":2},{"damage":17,"enemies":"Slavers","floor":25,"turns":2}],"seed_played":"-9075353243388494805","neow_bonus_log":{"cardsObtained":[],"cardsUpgraded":[],"cardsRemoved":[],"cardsTransformed":[],"relicsObtained":[],"maxHpGained":0,"goldGained":0,"damageTaken":0,"goldLost":0,"maxHpLost":0},"potions_obtained":[{"floor":0,"key":"EntropicBrew"},{"floor":0,"key":"SteroidPotion"},{"floor":1,"key":"Strength Potion"},{"floor":3,"key":"Dexterity Potion"},{"floor":11,"key":"Explosive Potion"},{"floor":12,"key":"BlessingOfTheForge"},{"floor":19,"key":"EssenceOfSteel"}],"is_trial":false,"path_per_floor":["M","?","M","$","M","R","E","?","T","R","M","E","M","M","R","B",null,"M","M","?","?","M","R","M","E"],"character_chosen":"DEFECT","basemod:card_modifiers":[null,null,null,null,null,null,null,null,null,null,null,null,null,null,null,null,null,null,null,null,null],"items_purchased":["Self Repair"],"campfire_rested":1,"item_purchase_floors":[4],"current_hp_per_floor":[57,57,56,56,56,56,59,59,59,59,57,44,39,39,39,10,56,44,15,15,15,8,29,15,0],"gold":271,"neow_bonus":"THREE_SMALL_POTIONS","is_prod":false,"is_daily":false,"rewards_skipped":[{"floor":0,"relics":[],"potions":["FearPotion"]},{"floor":14,"relics":[],"potions":["Dexterity Potion"]},{"floor":16,"relics":[],"potions":["AttackPotion"]}],"chose_seed":false,"campfire_upgraded":3,"win_rate":0,"floor_exit_playtime":[66,71,95,130,158,165,245,251,267,278,302,372,405,446,456,543,562,628,701,705,723,826,829,880],"timestamp":1698245741,"path_taken":["M","?","M","?","M","R","E","?","T","R","M","E","M","?","R","BOSS","M","M","?","?","?","R","M","E"],"build_version":"2022-12-18","purchased_purges":0,"victory":false,"max_hp_per_floor":[71,71,71,71,71,71,71,71,71,71,71,71,71,71,71,71,71,71,71,71,71,71,71,71,71],"relic_stats":{"Centennial Puzzle":[30],"counters":[14,45],"Whetstone":["Strike_B","Strike_B"],"Smiling Mask":0,"Cursed Key":0,"obtain_stats":[{"Centennial Puzzle":9,"Whetstone":7,"Cracked Core":0,"StrikeDummy":2,"Smiling Mask":12,"Cursed Key":17},{"Centennial Puzzle":4,"Whetstone":4,"Cracked Core":0,"StrikeDummy":1,"Smiling Mask":6,"Cursed Key":9},{"Centennial Puzzle":12,"Whetstone":12,"Cracked Core":0,"StrikeDummy":3,"Smiling Mask":20,"Cursed Key":30}]},"card_choices":[{"not_picked":["Leap","Go for the Eyes"],"picked":"Tempest","floor":1},{"not_picked":["Leap","Hello World"],"picked":"Beam Cell","floor":3},{"not_picked":["Sweeping Beam","Conserve Battery"],"picked":"Static Discharge","floor":5},{"not_picked":["Self Repair","Sweeping Beam","Chaos"],"picked":"SKIP","floor":7},{"not_picked":["Conserve Battery","Beam Cell"],"picked":"Turbo","floor":11},{"not_picked":["Compile Driver","Leap"],"picked":"Seek","floor":12},{"not_picked":["Sweeping Beam","Redo","Reprogram"],"picked":"SKIP","floor":13},{"not_picked":["Chaos","Scrape"],"picked":"Capacitor","floor":14},{"not_picked":["Rainbow","Machine Learning"],"picked":"Buffer","floor":16},{"not_picked":["Stack","Conserve Battery"],"picked":"Compile Driver+1","floor":18},{"not_picked":["Compile Driver","Double Energy"],"picked":"Cold Snap","floor":19},{"not_picked":["Barrage","Turbo"],"picked":"Doom and Gloom","floor":22},{"not_picked":["Sweeping Beam","Beam Cell","Darkness"],"picked":"SKIP","floor":24}],"player_experience":2196897,"relics_obtained":[{"floor":7,"key":"Whetstone"},{"floor":9,"key":"Centennial Puzzle"},{"floor":12,"key":"Smiling Mask"}],"event_choices":[{"damage_healed":0,"gold_gain":0,"player_choice":"Gave Potion","damage_taken":0,"relics_obtained":["StrikeDummy"],"max_hp_gain":0,"max_hp_loss":0,"event_name":"WeMeetAgain","floor":2,"gold_loss":0},{"damage_healed":0,"gold_gain":0,"cards_transformed":["Strike_B"],"player_choice":"Transformed","damage_taken":0,"max_hp_gain":0,"max_hp_loss":0,"event_name":"Transmorgrifier","floor":8,"gold_loss":0,"cards_obtained":["Static Discharge"]},{"damage_healed":0,"gold_gain":50,"player_choice":"Stole From Cult","damage_taken":0,"max_hp_gain":0,"max_hp_loss":0,"event_name":"Nest","floor":20,"gold_loss":0},{"cards_removed":["Strike_B"],"damage_healed":0,"gold_gain":0,"player_choice":"Single Remove","damage_taken":0,"max_hp_gain":0,"max_hp_loss":0,"event_name":"Designer","floor":21,"gold_loss":75}],"is_beta":false,"boss_relics":[{"not_picked":["Inserter","Calling Bell"],"picked":"Cursed Key"}],"items_purged_floors":[],"is_endless":false,"potions_floor_spawned":[1,3,11,12,14,16,19],"killed_by":"Slavers","ascension_level":20,"potion_discard_per_floor":[[],[],[],[],[],[],[],[],[],[],[],[],[],[],[],[],[],[],["FearPotion"],[],[],[],[],[],[]]}