{"neow_bonuses_skipped_log":["REMOVE_CARD","TEN_PERCENT_HP_BONUS","BOSS_RELIC"],"potions_obtained_entropic_brew":[[],[],[],[],[],[],[],[],[],[],[],[],[],[],[],[]],"neow_costs_skipped_log":["NONE","NONE","NONE"],"gold_per_floor":[118,137,137,147,36,64,64,64,115,143,143,143,175,189,189,189],"floor_reached":16,"playtime":520,"items_purged":["Strike_B"],"score":336,"play_id":"1b36f1eb-082c-4cd7-af52-758679be8988","local_time":"20231119181026","score_breakdown":["Floors Climbed (16): 80","Enemies Slain (4): 8","Exordium Elites Killed (3): 30","Bosses Slain (0): 0","Champion (2): 50","Ascension (20): 168"],"is_ascension_mode":true,"potions_obtained_alchemize":[[],[],[],[],[],[],[],[],[],[],[],[],[],[],[],[]],"campfire_choices":[{"data":"Hologram","floor":8,"key":"SMITH"},{"data":"Meteor Strike","floor":11,"key":"SMITH"},{"floor":15,"key":"REST"}],"lesson_learned_per_floor":[[],[],[],[],[],[],[],[],[],[],[],[],[],[],[],[]],"neow_cost":"TEN_PERCENT_HP_LOSS","improvable_cards":{},"seed_source_timestamp":5503616470645500,"shop_contents":[{"floor":5,"relics":["Regal Pillow","Akabeko","Lee\u0027s Waffle"],"cards":["Meteor Strike","Darkness","Redo","Heatsinks","Purity","Metamorphosis"],"potions":["SkillPotion","LiquidBronze","Weak Potion"]},{"floor":7,"relics":["Potion Belt","CeramicFish","Strange Spoon"],"cards":["Melter","Barrage","White Noise","Undo","Hello World","PanicButton","Secret Weapon"],"potions":["SpeedPotion","Regen Potion","Fire Potion"]}],"circlet_count":0,"master_deck":["AscendersBane","Strike_B","Strike_B","Strike_B","Defend_B","Defend_B","Defend_B","Zap","Dualcast","Meteor Strike+1","Cold Snap","Reinforced Body","Turbo","FTL","Hologram+1","Coolheaded"],"special_seed":0,"potion_use_per_floor":[[],[],[],[],[],["DuplicationPotion"],[],[],[],["Fire Potion"],[],[],[],[],[],["DistilledChaos"]],"relics":["Cracked Core","PreservedInsect","Juzu Bracelet","Shovel","Vajra"],"potions_floor_usage":[6,10,16],"damage_taken":[{"damage":1.0,"enemies":"Cultist","floor":1.0,"turns":4.0},{"damage":7.0,"enemies":"Jaw Worm","floor":2.0,"turns":3.0},{"damage":10.0,"enemies":"Small Slimes","floor":4.0,"turns":3.0},{"damage":0,"enemies":"Gremlin Nob","floor":6,"turns":3},{"damage":18,"enemies":"3 Sentries","floor":10,"turns":5},{"damage":0,"enemies":"Lagavulin","floor":13,"turns":5},{"damage":13,"enemies":"Exordium Thugs","floor":14,"turns":5},{"damage":47,"enemies":"Slime Boss","floor":16,"turns":10}],"green_key_taken_log":10,"seed_played":"-779984253395309531","neow_bonus_log":{"cardsObtained":[],"cardsUpgraded":[],"cardsRemoved":[],"cardsTransformed":[],"relicsObtained":[],"maxHpGained":0,"goldGained":0,"damageTaken":0,"goldLost":0,"maxHpLost":7},"potions_obtained":[{"floor":1.0,"key":"DistilledChaos"},{"floor":4,"key":"DuplicationPotion"},{"floor":6,"key":"Fire Potion"}],"is_trial":false,"path_per_floor":["M","M","?","M","$","E","$","R","T","E","R","?","E","M","R","B"],"character_chosen":"DEFECT","basemod:card_modifiers":[null,null,null,null,null,null,null,null,null,null,null,null,null,null,null,null],"items_purchased":["FTL"],"campfire_rested":1,"item_purchase_floors":[5],"current_hp_per_floor":[63,56,56,46,46,46,46,46,46,28,28,28,28,15,34,0],"gold":189,"neow_bonus":"THREE_RARE_CARDS","is_prod":false,"is_daily":false,"rewards_skipped":[],"chose_seed":false,"campfire_upgraded":2,"win_rate":0,"floor_exit_playtime":[59,86,91,124,141,177,184,191,194,257,263,266,320,379,381],"timestamp":1700435426,"path_taken":["M","?","?","M","$","E","?","R","T","E","R","?","E","M","R","BOSS"],"build_version":"2022-12-18","purchased_purges":1,"victory":false,"max_hp_per_floor":[64,64,64,64,64,64,64,64,64,64,64,64,64,64,64,64],"relic_stats":{"Shovel":0,"counters":[8,38],"PreservedInsect":69,"Juzu Bracelet":0,"obtain_stats":[{"Shovel":10,"Vajra":13,"PreservedInsect":6,"Juzu Bracelet":9,"Cracked Core":0},{"Shovel":5,"Vajra":6,"PreservedInsect":4,"Juzu Bracelet":4,"Cracked Core":0},{"Shovel":18,"Vajra":23,"PreservedInsect":13,"Juzu Bracelet":13,"Cracked Core":0}]},"card_choices":[{"not_picked":["Rainbow","Buffer"],"picked":"Meteor Strike","floor":0.0},{"not_picked":["Sunder","Reprogram"],"picked":"Cold Snap","floor":1.0},{"not_picked":["Streamline","Force Field"],"picked":"Reinforced Body","floor":2.0},{"not_picked":["Coolheaded","Cold Snap"],"picked":"Turbo","floor":4},{"not_picked":["Skim","Rebound"],"picked":"Hologram","floor":6},{"not_picked":["Go for the Eyes","FTL","Loop"],"picked":"SKIP","floor":10},{"not_picked":["Stack","Cold Snap","Thunder Strike"],"picked":"SKIP","floor":13},{"not_picked":["Storm","Cold Snap"],"picked":"Coolheaded","floor":14}],"player_experience":2288040,"relics_obtained":[{"floor":6,"key":"PreservedInsect"},{"floor":9,"key":"Juzu Bracelet"},{"floor":10,"key":"Shovel"},{"floor":13,"key":"Vajra"}],"event_choices":[{"cards_removed":["Defend_B"],"damage_healed":0.0,"max_hp_gain":0.0,"max_hp_loss":0.0,"gold_gain":0.0,"event_name":"Purifier","player_choice":"Purged","floor":3.0,"gold_loss":0.0,"damage_taken":0.0},{"damage_healed":0,"gold_gain":0,"player_choice":"Ignored","damage_taken":0,"max_hp_gain":0,"max_hp_loss":0,"event_name":"Liars Game","floor":12,"gold_loss":0}],"is_beta":false,"boss_relics":[],"items_purged_floors":[5],"is_endless":false,"potions_floor_spawned":[1,4,6],"killed_by":"Slime Boss","ascension_level":20,"potion_discard_per_floor":[[],[],[],[],[],[],[],[],[],[],[],[],[],[],[],[]]}