{"neow_bonuses_skipped_log":["RANDOM_COLORLESS","TEN_PERCENT_HP_BONUS","TRANSFORM_TWO_CARDS"],"potions_obtained_entropic_brew":[[],[],[],[],[],[],[],[],[],[],[],[],[],[],[],[]],"neow_costs_skipped_log":["NONE","NONE","PERCENT_DAMAGE"],"gold_per_floor":[118,136,59,72,72,72,113,113,161,201,219,238,273,288,288,288],"floor_reached":16,"playtime":818,"items_purged":[],"score":244,"play_id":"bfe9b26a-53ad-4dd9-bbb9-a9789f3e595a","local_time":"20231119164802","score_breakdown":["Floors Climbed (16): 80","Enemies Slain (6): 12","Exordium Elites Killed (3): 30","Bosses Slain (0): 0","Ascension (20): 122"],"is_ascension_mode":true,"potions_obtained_alchemize":[[],[],[],[],[],[],[],[],[],[],[],[],[],[],[],[]],"campfire_choices":[{"data":"Streamline","floor":6,"key":"SMITH"},{"floor":15,"key":"REST"}],"lesson_learned_per_floor":[[],[],[],[],[],[],[],[],[],[],[],[],[],[],[],[]],"neow_cost":"NONE","improvable_cards":{},"seed_source_timestamp":5498386644215300,"shop_contents":[{"floor":3,"relics":["Tiny Chest","Centennial Puzzle","TheAbacus"],"cards":["Blizzard","FTL","Auto Shields","Hello World","Dark Shackles","Thinking Ahead"],"potions":["BlessingOfTheForge","PowerPotion","Explosive Potion"]}],"circlet_count":0,"master_deck":["AscendersBane","Strike_B","Strike_B","Strike_B+1","Strike_B","Defend_B","Defend_B","Defend_B","Defend_B","Zap","Dualcast","Streamline+1","Skim+1","White Noise","Rebound+1","Fusion","Thunder Strike","Glacier","Ball Lightning"],"potion_use_per_floor":[[],[],[],[],[],[],["PowerPotion","DistilledChaos"],[],[],[],[],[],[],[],[],["LiquidMemories"]],"relics":["Snecko Eye","Golden Idol","Whetstone","Anchor","Shovel","Gambling Chip"],"potions_floor_usage":[7,7,16],"damage_taken":[{"damage":0,"enemies":"Small Slimes","floor":1,"turns":5},{"damage":7,"enemies":"Jaw Worm","floor":2,"turns":6},{"damage":0,"enemies":"Cultist","floor":4,"turns":3},{"damage":15,"enemies":"3 Sentries","floor":7,"turns":6},{"damage":8,"enemies":"Lagavulin","floor":10,"turns":4},{"damage":4,"enemies":"Exordium Thugs","floor":11,"turns":4},{"damage":3,"enemies":"Exordium Wildlife","floor":12,"turns":4},{"damage":10,"enemies":"3 Sentries","floor":13,"turns":7},{"damage":12,"enemies":"Large Slime","floor":14,"turns":5},{"damage":26,"enemies":"Hexaghost","floor":16,"turns":12}],"seed_played":"6934686957836602355","neow_bonus_log":{"cardsObtained":[],"cardsUpgraded":[],"cardsRemoved":[],"cardsTransformed":[],"relicsObtained":["Snecko Eye"],"maxHpGained":0,"goldGained":0,"damageTaken":0,"goldLost":0,"maxHpLost":0},"potions_obtained":[{"floor":1,"key":"PowerPotion"},{"floor":4,"key":"DistilledChaos"},{"floor":10,"key":"SteroidPotion"},{"floor":11,"key":"SmokeBomb"},{"floor":13,"key":"LiquidMemories"}],"is_trial":false,"path_per_floor":["M","M","$","M","?","R","E","?","T","E","M","M","E","M","R","B"],"character_chosen":"DEFECT","basemod:card_modifiers":[null,null,null,null,null,null,null,null,null,null,null,null,null,null,null,null,null,null,null],"items_purchased":["White Noise"],"campfire_rested":1,"item_purchase_floors":[3],"current_hp_per_floor":[64,57,57,57,57,57,42,42,42,34,30,27,17,5,24,0],"gold":288,"neow_bonus":"BOSS_RELIC","is_prod":false,"is_daily":false,"rewards_skipped":[],"chose_seed":false,"campfire_upgraded":1,"win_rate":0,"floor_exit_playtime":[59,120,130,162,165,173,261,267,275,338,388,437,542,613,614],"timestamp":1700430482,"path_taken":["M","M","$","M","?","R","E","?","T","E","M","M","E","?","R","BOSS"],"build_version":"2022-12-18","purchased_purges":0,"victory":false,"max_hp_per_floor":[71,71,71,71,64,64,64,64,64,64,64,64,64,64,64,64],"relic_stats":{"Shovel":0,"counters":[10,56],"Golden Idol":34,"Gambling Chip":[10],"Snecko Eye":[109,96,83,101,-99],"Whetstone":["Rebound","Strike_B"],"obtain_stats":[{"Anchor":9,"Shovel":10,"Golden Idol":5,"Gambling Chip":13,"Snecko Eye":0,"Whetstone":7,"Cracked Core":0},{"Anchor":4,"Shovel":5,"Golden Idol":3,"Gambling Chip":8,"Snecko Eye":0,"Whetstone":4,"Cracked Core":0},{"Anchor":20,"Shovel":24,"Golden Idol":14,"Gambling Chip":39,"Snecko Eye":0,"Whetstone":20,"Cracked Core":0}]},"card_choices":[{"not_picked":["Hologram","Compile Driver"],"picked":"Streamline","floor":1},{"not_picked":["Coolheaded","Capacitor"],"picked":"Skim","floor":2},{"not_picked":["Go for the Eyes","Leap"],"picked":"Rebound","floor":4},{"not_picked":["Conserve Battery","Gash","Beam Cell"],"picked":"SKIP","floor":7},{"not_picked":["Skim","Cold Snap"],"picked":"Fusion","floor":10},{"not_picked":["Chill","Barrage"],"picked":"Thunder Strike","floor":11},{"not_picked":["Cold Snap","Sunder"],"picked":"Glacier","floor":12},{"not_picked":["Coolheaded","Hologram"],"picked":"Ball Lightning","floor":13},{"not_picked":["Turbo","Leap","Stack"],"picked":"SKIP","floor":14}],"player_experience":2284756,"relics_obtained":[{"floor":7,"key":"Whetstone"},{"floor":9,"key":"Anchor"},{"floor":10,"key":"Shovel"},{"floor":13,"key":"Gambling Chip"}],"event_choices":[{"damage_healed":0,"gold_gain":0,"player_choice":"Lose Max HP","damage_taken":0,"relics_obtained":["Golden Idol"],"max_hp_gain":0,"max_hp_loss":7,"event_name":"Golden Idol","floor":5,"gold_loss":0},{"damage_healed":0,"gold_gain":0,"player_choice":"Upgraded","damage_taken":0,"max_hp_gain":0,"max_hp_loss":0,"event_name":"Upgrade Shrine","floor":8,"gold_loss":0,"cards_upgraded":["Skim"]}],"is_beta":false,"boss_relics":[],"items_purged_floors":[],"is_endless":false,"potions_floor_spawned":[1,4,10,11,13],"killed_by":"Hexaghost","ascension_level":20,"potion_discard_per_floor":[[],[],[],[],[],[],[],[],[],[],[],[],["SmokeBomb"],[],[],[]]}