{"neow_bonuses_skipped_log":["TRANSFORM_CARD","RANDOM_COMMON_RELIC","RANDOM_COLORLESS_2"],"potions_obtained_entropic_brew":[[],[],[],[],[],[],[],[],[],[],[],[],[],[],[],[],[],[],[],[],[],[],[],[],[],[],["FearPotion","SkillPotion"],[],[],[],[],[],[]],"neow_costs_skipped_log":["NONE","NONE","CURSE"],"gold_per_floor":[111,127,16,16,30,63,63,76,76,76,101,117,117,134,134,205,205,222,222,222,241,261,261,280,280,280,305,49,84,64,75,75,75],"floor_reached":33,"playtime":1653,"items_purged":[],"score":554,"play_id":"65d68b31-d804-4330-84b2-b62616132a69","local_time":"20231123051232","score_breakdown":["Floors Climbed (33): 165","Enemies Slain (11): 22","Exordium Elites Killed (2): 20","City Elites Killed (1): 20","Bosses Slain (1): 50","Ascension (20): 277"],"is_ascension_mode":true,"potions_obtained_alchemize":[[],[],[],[],[],[],[],[],[],[],[],[],[],[],[],[],[],[],[],[],[],[],[],[],[],[],[],[],[],[],[],[],[]],"campfire_choices":[{"data":"Darkness","floor":7,"key":"SMITH"},{"floor":10,"key":"REST"},{"data":"Zap","floor":15,"key":"SMITH"},{"data":"Fission","floor":23,"key":"SMITH"},{"data":"Redo","floor":25,"key":"SMITH"},{"data":"Biased Cognition","floor":32,"key":"SMITH"}],"lesson_learned_per_floor":[[],[],[],[],[],[],[],[],[],[],[],[],[],[],[],[],[],[],[],[],[],[],[],[],[],[],[],[],[],[],[],[],[]],"neow_cost":"NONE","improvable_cards":{},"seed_source_timestamp":5801413600224300,"shop_contents":[{"floor":3,"relics":["Boot","Art of War","Strange Spoon"],"cards":["Lockon","Fusion","Force Field","Capacitor","Forethought","Apotheosis"],"potions":["SkillPotion","LiquidBronze"]},{"floor":28,"relics":["Mercury Hourglass","Sundial","Cauldron"],"cards":["FTL","Rip and Tear","Steam","Leap","Defragment","PanicButton","Thinking Ahead"],"potions":["DistilledChaos","LiquidMemories","Explosive Potion"]}],"circlet_count":0,"master_deck":["AscendersBane","Defend_B","Defend_B","Defend_B","Defend_B","Zap+1","Dualcast","Reboot+1","Leap+1","Steam Power+1","Rip and Tear","Melter","Ball Lightning","Compile Driver","Darkness+1","Coolheaded+1","Undo","Doom and Gloom","Glacier","Fission+1","Redo+1","Biased Cognition+1","Recycle","Compile Driver"],"potion_use_per_floor":[[],[],[],[],[],["FocusPotion"],[],["ColorlessPotion"],[],[],[],[],[],["AttackPotion"],[],[],[],[],[],[],[],[],[],[],[],[],["ColorlessPotion","EntropicBrew","SkillPotion"],[],[],["Fruit Juice"],[],[],[]],"relics":["Astrolabe","Toy Ornithopter","Kunai","The Courier","Runic Dome","Letter Opener","Matryoshka","Symbiotic Virus","DataDisk","Red Mask"],"potions_floor_usage":[6,8,14,27,27,27,30],"damage_taken":[{"damage":0,"enemies":"Cultist","floor":1,"turns":3},{"damage":0,"enemies":"Small Slimes","floor":2,"turns":3},{"damage":0,"enemies":"Jaw Worm","floor":5,"turns":2},{"damage":11,"enemies":"Gremlin Nob","floor":6,"turns":3},{"damage":28,"enemies":"Exordium Wildlife","floor":8,"turns":5},{"damage":8,"enemies":"Lagavulin","floor":11,"turns":8},{"damage":7,"enemies":"Exordium Thugs","floor":12,"turns":5},{"damage":4,"enemies":"Lots of Slimes","floor":14,"turns":2},{"damage":2,"enemies":"The Guardian","floor":16,"turns":12},{"damage":0,"enemies":"Shell Parasite","floor":18,"turns":4},{"damage":0,"enemies":"Spheric Guardian","floor":21,"turns":1},{"damage":10,"enemies":"Snecko","floor":22,"turns":4},{"damage":5,"enemies":"Snake Plant","floor":24,"turns":3},{"damage":2,"enemies":"Slavers","floor":27,"turns":3},{"damage":0,"enemies":"Masked Bandits","floor":29,"turns":2},{"damage":0,"enemies":"Centurion and Healer","floor":31,"turns":4},{"damage":69,"enemies":"Collector","floor":33,"turns":7}],"seed_played":"-1824791795898861765","neow_bonus_log":{"cardsObtained":[],"cardsUpgraded":[],"cardsRemoved":[],"cardsTransformed":[],"relicsObtained":["Astrolabe"],"maxHpGained":0,"goldGained":0,"damageTaken":0,"goldLost":0,"maxHpLost":0},"potions_obtained":[{"floor":1,"key":"Dexterity Potion"},{"floor":6,"key":"ColorlessPotion"},{"floor":11,"key":"LiquidBronze"},{"floor":12,"key":"AttackPotion"},{"floor":21,"key":"ColorlessPotion"},{"floor":22,"key":"EntropicBrew"},{"floor":29,"key":"Fruit Juice"},{"floor":30,"key":"EntropicBrew"}],"is_trial":false,"path_per_floor":["M","M","$","?","M","E","R","M","T","R","E","M","?","M","R","B",null,"M","?","T","M","M","R","M","R","T","E","$","?","?","M","R","B"],"character_chosen":"DEFECT","basemod:card_modifiers":[null,null,null,null,null,null,null,null,null,null,null,null,null,null,null,null,null,null,null,null,null,null,null,null],"items_purchased":["Ball Lightning","FocusPotion","DataDisk","Biased Cognition","Recycle"],"campfire_rested":1,"item_purchase_floors":[3,3,28,28,28],"current_hp_per_floor":[64,64,64,57,57,46,46,23,23,44,36,29,29,30,30,28,60,60,60,60,60,50,50,45,45,45,58,58,58,68,68,68,0],"gold":75,"neow_bonus":"BOSS_RELIC","is_prod":false,"is_daily":false,"rewards_skipped":[],"chose_seed":false,"campfire_upgraded":5,"win_rate":0,"floor_exit_playtime":[154,192,220,249,294,347,352,471,477,481,580,685,701,741,759,930,957,1025,1029,1031,1053,1128,1140,1204,1209,1222,1328,1359,1414,1421,1494,1499],"timestamp":1700734352,"path_taken":["M","M","$","?","M","E","R","M","T","R","E","M","?","M","R","BOSS","M","?","?","?","M","R","?","R","T","E","$","?","?","M","R","BOSS"],"build_version":"2022-12-18","purchased_purges":0,"victory":false,"max_hp_per_floor":[71,71,71,71,71,71,71,71,71,71,71,71,71,71,71,71,71,71,71,71,71,71,71,71,71,71,71,71,71,76,76,76,76],"relic_stats":{"Matryoshka":0,"counters":[17,71],"Astrolabe":["Reboot","Leap","Steam Power"],"The Courier":64,"Kunai":[2],"Letter Opener":[114],"obtain_stats":[{"Runic Dome":17,"DataDisk":28,"Matryoshka":26,"Astrolabe":0,"The Courier":11,"Red Mask":29,"Kunai":9,"Letter Opener":20,"Cracked Core":0,"Symbiotic Virus":27,"Toy Ornithopter":6},{"Runic Dome":9,"DataDisk":14,"Matryoshka":13,"Astrolabe":0,"The Courier":6,"Red Mask":15,"Kunai":5,"Letter Opener":10,"Cracked Core":0,"Symbiotic Virus":14,"Toy Ornithopter":4},{"Runic Dome":43,"DataDisk":58,"Matryoshka":55,"Astrolabe":0,"The Courier":24,"Red Mask":60,"Kunai":16,"Letter Opener":47,"Cracked Core":0,"Symbiotic Virus":58,"Toy Ornithopter":11}],"Toy Ornithopter":30},"card_choices":[{"not_picked":["Darkness","Stack"],"picked":"Rip and Tear","floor":1},{"not_picked":["Static Discharge","Coolheaded"],"picked":"Melter","floor":2},{"not_picked":["Consume","Sweeping Beam"],"picked":"Compile Driver","floor":5},{"not_picked":["Redo","Fusion"],"picked":"Darkness","floor":6},{"not_picked":["Darkness","Hologram"],"picked":"Coolheaded","floor":8},{"not_picked":["Compile Driver","Cold Snap"],"picked":"Undo","floor":11},{"not_picked":["Loop","Compile Driver"],"picked":"Doom and Gloom","floor":12},{"not_picked":["Sweeping Beam","Streamline"],"picked":"Glacier","floor":14},{"not_picked":["All For One","Meteor Strike"],"picked":"Fission","floor":16},{"not_picked":["Reprogram","Scrape","Stack+1"],"picked":"SKIP","floor":18},{"not_picked":["Coolheaded","Barrage","Ball Lightning"],"picked":"SKIP","floor":21},{"not_picked":["Streamline","Sweeping Beam","Static Discharge"],"picked":"SKIP","floor":22},{"not_picked":["Streamline","Sweeping Beam","Static Discharge"],"picked":"SKIP","floor":22},{"not_picked":["Conserve Battery","Hello World"],"picked":"Redo","floor":24},{"not_picked":["Leap","Auto Shields","Go for the Eyes"],"picked":"SKIP","floor":27},{"not_picked":["Melter","Undo"],"picked":"Compile Driver","floor":29},{"not_picked":["FTL","Auto Shields","Static Discharge"],"picked":"SKIP","floor":31}],"player_experience":2328976,"relics_obtained":[{"floor":6,"key":"Toy Ornithopter"},{"floor":9,"key":"Kunai"},{"floor":11,"key":"The Courier"},{"floor":20,"key":"Letter Opener"},{"floor":26,"key":"Matryoshka"},{"floor":27,"key":"Symbiotic Virus"},{"floor":29,"key":"Red Mask"}],"event_choices":[{"cards_removed":["Strike_B"],"damage_healed":0,"gold_gain":0,"player_choice":"Card Removal","damage_taken":7,"max_hp_gain":0,"max_hp_loss":0,"event_name":"Golden Wing","floor":4,"gold_loss":0},{"damage_healed":0,"gold_gain":0,"player_choice":"Grow","damage_taken":0,"max_hp_gain":0,"max_hp_loss":0,"event_name":"Living Wall","floor":13,"gold_loss":0,"cards_upgraded":["Coolheaded"]},{"damage_healed":0,"gold_gain":0,"player_choice":"Ignored","damage_taken":0,"max_hp_gain":0,"max_hp_loss":0,"event_name":"Ghosts","floor":19,"gold_loss":0},{"damage_healed":0,"gold_gain":0,"player_choice":"Fought Bandits","damage_taken":0,"max_hp_gain":0,"max_hp_loss":0,"event_name":"Masked Bandits","floor":29,"gold_loss":0},{"damage_healed":0,"gold_gain":0,"player_choice":"Bought 1 Potion","damage_taken":0,"max_hp_gain":0,"max_hp_loss":0,"event_name":"The Woman in Blue","floor":30,"gold_loss":0}],"is_beta":false,"boss_relics":[{"not_picked":["Empty Cage","Calling Bell"],"picked":"Runic Dome"}],"items_purged_floors":[],"is_endless":false,"potions_floor_spawned":[1,6,11,12,21,22,29],"killed_by":"Collector","ascension_level":20,"potion_discard_per_floor":[[],[],[],[],[],[],[],[],[],[],[],["LiquidBronze"],[],[],[],[],[],[],[],[],[],["Dexterity Potion"],[],[],[],[],[],[],[],[],[],[],[]]}