{"neow_bonuses_skipped_log":["TRANSFORM_CARD","ONE_RARE_RELIC","BOSS_RELIC"],"potions_obtained_entropic_brew":[[],[],[],[],[],[],[],[],[],[],[],[],[],[],[],[],[],[],[],[],[],[],[],[],[],[],[],[],[],[],[],[],[],[],[],[],[],[],[],[],[],[],[],[],[],[],[],[],[],[],[],[],[],[],[],[]],"neow_costs_skipped_log":["NONE","CURSE","NONE"],"gold_per_floor":[114,132,152,227,152,171,171,203,253,285,301,332,332,366,366,440,440,440,440,440,440,4,4,4,4,4,4,4,4,4,4,4,4,4,4,4,4,0,0,0,0,0,0,0,0,0,0,0,0,0,0,0,0,0,0,0],"floor_reached":56,"playtime":4473,"items_purged":["Strike_B"],"score":1841,"play_id":"d71371b4-233c-4e67-a7af-2251f6c1a346","local_time":"20231118045742","score_breakdown":["Floors Climbed (56): 280","Enemies Slain (19): 38","Exordium Elites Killed (4): 40","City Elites Killed (1): 20","Beyond Elites Killed (1): 30","Bosses Slain (4): 500","Librarian: 25","Ascension (20): 908"],"is_ascension_mode":true,"potions_obtained_alchemize":[[],[],[],[],[],[],[],[],[],[],[],[],[],[],[],[],[],[],[],[],[],[],[],[],[],[],[],[],[],[],[],[],[],[],[],[],[],[],[],[],[],[],[],[],[],[],[],[],[],[],[],[],[],[],[],[]],"campfire_choices":[{"data":"Sunder","floor":7.0,"key":"SMITH"},{"floor":15.0,"key":"REST"},{"data":"Reboot","floor":23.0,"key":"SMITH"},{"data":"Reinforced Body","floor":25.0,"key":"SMITH"},{"data":"Aggregate","floor":32.0,"key":"SMITH"},{"data":"Seek","floor":41.0,"key":"SMITH"},{"data":"Coolheaded","floor":45.0,"key":"SMITH"},{"floor":49.0,"key":"RECALL"},{"data":"Defragment","floor":53.0,"key":"SMITH"}],"lesson_learned_per_floor":[[],[],[],[],[],[],[],[],[],[],[],[],[],[],[],[],[],[],[],[],[],[],[],[],[],[],[],[],[],[],[],[],[],[],[],[],[],[],[],[],[],[],[],[],[],[],[],[],[],[],[],[],[],[],[],[]],"neow_cost":"NONE","improvable_cards":{},"seed_source_timestamp":5365617175960200,"shop_contents":[{"floor":22,"relics":["Happy Flower","DollysMirror"],"cards":["Beam Cell","Barrage","Undo","Aggregate","Trip","HandOfGreed"],"potions":["Regen Potion","Dexterity Potion","EntropicBrew"]},{"floor":54,"relics":["Letter Opener","Cables","Lee\u0027s Waffle"],"cards":["Cold Snap","Core Surge","Fission+1","Auto Shields+1","Capacitor","Discovery+1","The Bomb+1"],"potions":["SmokeBomb","BlessingOfTheForge","CultistPotion"]}],"circlet_count":0,"master_deck":["AscendersBane","Zap","Dualcast","Ball Lightning","Chill","Sunder+1","Rebound","Ball Lightning","Cold Snap","Reboot+1","Loop","Hello World","Machine Learning","Hologram","Reinforced Body+1","Self Repair","Doom and Gloom","Coolheaded+1","Glacier","Aggregate+1","Biased Cognition","Seek+1","Steam","Reboot","Undo","Echo Form","Aggregate","Compile Driver+1","Compile Driver","Blizzard","Recycle+1","Redo+1","Echo Form","Decay","Defragment+1","Stack+1"],"special_seed":0,"potion_use_per_floor":[[],[],[],[],[],[],[],[],[],["BlessingOfTheForge"],[],[],[],[],[],[],[],[],[],[],["Swift Potion","SkillPotion"],[],[],[],[],[],[],[],[],[],[],[],["ColorlessPotion"],[],["SpeedPotion"],[],[],[],[],["GamblersBrew"],[],["DuplicationPotion"],[],[],[],[],[],[],[],[],[],[],[],[],[],["Ancient Potion"]],"relics":["Cracked Core","Strawberry","Pear","Boot","Nunchaku","Mummified Hand","MealTicket","Centennial Puzzle","Ectoplasm","Bottled Lightning","CeramicFish","Pandora\u0027s Box","Red Mask","Toxic Egg 2","InkBottle","Bag of Marbles","Shovel","Shuriken"],"potions_floor_usage":[56],"damage_taken":[{"damage":7.0,"enemies":"Small Slimes","floor":1.0,"turns":3.0},{"damage":3.0,"enemies":"2 Louse","floor":2.0,"turns":3.0},{"damage":7.0,"enemies":"Jaw Worm","floor":3.0,"turns":2.0},{"damage":1.0,"enemies":"Looter","floor":6.0,"turns":3.0},{"damage":8.0,"enemies":"3 Sentries","floor":8.0,"turns":6.0},{"damage":8.0,"enemies":"Gremlin Nob","floor":10.0,"turns":3.0},{"damage":5.0,"enemies":"Gremlin Gang","floor":11.0,"turns":3.0},{"damage":3.0,"enemies":"3 Sentries","floor":12.0,"turns":5.0},{"damage":11.0,"enemies":"Lagavulin","floor":14.0,"turns":7.0},{"damage":14.0,"enemies":"Slime Boss","floor":16.0,"turns":7.0},{"damage":2.0,"enemies":"3 Byrds","floor":18.0,"turns":3.0},{"damage":14.0,"enemies":"Shell Parasite","floor":19.0,"turns":3.0},{"damage":24.0,"enemies":"Cultist and Chosen","floor":21.0,"turns":6.0},{"damage":19.0,"enemies":"Gremlin Leader","floor":24.0,"turns":6.0},{"damage":1.0,"enemies":"Shelled Parasite and Fungi","floor":27.0,"turns":6.0},{"damage":2.0,"enemies":"3 Cultists","floor":28.0,"turns":5.0},{"damage":19.0,"enemies":"Snake Plant","floor":29.0,"turns":4.0},{"damage":6.0,"enemies":"Snecko","floor":30.0,"turns":4.0},{"damage":0.0,"enemies":"Centurion and Healer","floor":31.0,"turns":7.0},{"damage":41.0,"enemies":"Automaton","floor":33.0,"turns":12.0},{"damage":16.0,"enemies":"3 Shapes","floor":35.0,"turns":3.0},{"damage":1.0,"enemies":"3 Darklings","floor":36.0,"turns":3.0},{"damage":0.0,"enemies":"4 Shapes","floor":37.0,"turns":3.0},{"damage":31.0,"enemies":"Spire Growth","floor":40.0,"turns":5.0},{"damage":11.0,"enemies":"Reptomancer","floor":42.0,"turns":5.0},{"damage":0.0,"enemies":"Transient","floor":44.0,"turns":6.0},{"damage":0.0,"enemies":"Mind Bloom Boss Battle","floor":46.0,"turns":6.0},{"damage":8.0,"enemies":"Writhing Mass","floor":48.0,"turns":16.0},{"damage":11.0,"enemies":"Donu and Deca","floor":50.0,"turns":12.0},{"damage":31.0,"enemies":"Awakened One","floor":51.0,"turns":15.0},{"damage":57.0,"enemies":"Shield and Spear","floor":55.0,"turns":7.0},{"damage":48,"enemies":"The Heart","floor":56,"turns":5}],"green_key_taken_log":42,"seed_played":"7298599833565523440","neow_bonus_log":{"cardsObtained":[],"cardsUpgraded":[],"cardsRemoved":[],"cardsTransformed":[],"relicsObtained":["Strawberry"],"maxHpGained":0,"goldGained":0,"damageTaken":0,"goldLost":0,"maxHpLost":0},"potions_obtained":[{"floor":1.0,"key":"Weak Potion"},{"floor":8.0,"key":"BlessingOfTheForge"},{"floor":10.0,"key":"Swift Potion"},{"floor":16.0,"key":"SmokeBomb"},{"floor":18.0,"key":"SkillPotion"},{"floor":21.0,"key":"Ancient Potion"},{"floor":29.0,"key":"ColorlessPotion"},{"floor":33.0,"key":"SpeedPotion"},{"floor":35.0,"key":"GamblersBrew"},{"floor":40.0,"key":"DuplicationPotion"},{"floor":44.0,"key":"BlessingOfTheForge"}],"is_trial":false,"path_per_floor":["M","M","M","?","?","M","R","E","T","E","M","E","?","E","R","B",null,"M","M","?","M","$","R","E","R","T","M","M","M","M","M","R","B",null,"M","M","M","?","T","M","R","E","T","M","R","?","?","M","R","B","B",null,"R","$","E","B"],"character_chosen":"DEFECT","basemod:card_modifiers":[null,null,null,null,null,null,null,null,null,null,null,null,null,null,null,null,null,null,null,null,null,null,null,null,null,null,null,null,null,null,null,null,null,null,null,null],"items_purchased":["Bottled Lightning","Self Repair"],"campfire_rested":1,"item_purchase_floors":[22,22],"current_hp_per_floor":[64,61,54,43,43,42,42,44,44,36,31,28,28,17,43,29,73,71,57,57,33,48,48,36,36,36,42,47,35,36,43,43,9,68,59,72,72,72,72,48,48,44,44,58,58,72,72,71,71,74,57,80,80,88,45,0],"gold":0,"neow_bonus":"RANDOM_COMMON_RELIC","is_prod":false,"is_daily":false,"rewards_skipped":[{"floor":12,"relics":[],"potions":["SkillPotion"]},{"floor":30,"relics":[],"potions":["Weak Potion"]},{"floor":36,"relics":[],"potions":["DuplicationPotion"]}],"chose_seed":false,"campfire_upgraded":7,"win_rate":0,"floor_exit_playtime":[170,196,212,217,242,289,295,437,447,490,556,681,692,764,769,871,890,964,1023,1030,1129,1155,1185,1285,1307,1314,1416,1486,1570,1636,1750,1756,1980,2007,2075,2168,2255,2258,2261,2346,2358,2480,2482,2662,2674,2889,2902,3225,3228,3564,3973,3984,3991,3995,4217],"timestamp":1700301462,"blue_key_relic_skipped_log":{"floor":26,"relicID":"Molten Egg 2"},"path_taken":["M","M","M","?","?","M","R","E","T","E","?","E","?","E","R","BOSS","M","?","?","M","?","R","E","R","T","M","M","M","M","M","R","BOSS","M","M","M","?","?","M","R","E","T","M","R","?","?","M","R","BOSS","BOSS","R","$","E","BOSS"],"build_version":"2022-12-18","purchased_purges":1,"victory":false,"max_hp_per_floor":[78,78,78,78,78,78,78,88,88,88,88,88,88,88,88,88,88,88,88,88,88,88,88,88,88,88,88,88,88,88,88,88,88,88,88,88,88,88,88,88,88,88,88,88,88,88,88,88,88,88,88,88,88,88,88,88],"relic_stats":{"counters":[32,184],"CeramicFish":0,"Boot":[62],"Nunchaku":[36],"Centennial Puzzle":[57],"Shovel":0,"Mummified Hand":[169],"Shuriken":[2],"MealTicket":23,"Pandora\u0027s Box":["Seek","Steam","Reboot","Undo","Echo Form","Aggregate"],"Ectoplasm":627,"Bottled Lightning":"Reboot","obtain_stats":[{"Pear":8,"CeramicFish":24,"Boot":9,"Nunchaku":10,"Centennial Puzzle":14,"Shovel":46,"Mummified Hand":12,"Shuriken":55,"Strawberry":0,"MealTicket":13,"Pandora\u0027s Box":34,"Ectoplasm":17,"Red Mask":38,"Bag of Marbles":43,"Bottled Lightning":22,"Toxic Egg 2":39,"Cracked Core":0,"InkBottle":42},{"Pear":5,"CeramicFish":14,"Boot":5,"Nunchaku":6,"Centennial Puzzle":9,"Shovel":27,"Mummified Hand":8,"Shuriken":31,"Strawberry":0,"MealTicket":8,"Pandora\u0027s Box":20,"Ectoplasm":10,"Red Mask":23,"Bag of Marbles":25,"Bottled Lightning":13,"Toxic Egg 2":23,"Cracked Core":0,"InkBottle":25},{"Pear":17,"CeramicFish":60,"Boot":17,"Nunchaku":20,"Centennial Puzzle":35,"Shovel":129,"Mummified Hand":28,"Shuriken":179,"Strawberry":0,"MealTicket":28,"Pandora\u0027s Box":98,"Ectoplasm":42,"Red Mask":107,"Bag of Marbles":117,"Bottled Lightning":54,"Toxic Egg 2":107,"Cracked Core":0,"InkBottle":117}],"InkBottle":[54]},"card_choices":[{"not_picked":["Auto Shields","Cold Snap"],"picked":"Ball Lightning","floor":1.0},{"not_picked":["Beam Cell","Leap"],"picked":"Chill","floor":2.0},{"not_picked":["Gash","Double Energy"],"picked":"Sunder","floor":3.0},{"not_picked":["Hello World","Turbo"],"picked":"Rebound","floor":6.0},{"not_picked":["Steam","Stack"],"picked":"Ball Lightning","floor":8.0},{"not_picked":["Lockon","Beam Cell"],"picked":"Cold Snap","floor":10.0},{"not_picked":["Steam","Coolheaded"],"picked":"Reboot","floor":11.0},{"not_picked":["Recycle","Coolheaded"],"picked":"Loop","floor":12.0},{"not_picked":["Stack","Redo"],"picked":"Hello World","floor":14.0},{"not_picked":["Meteor Strike","Rainbow"],"picked":"Machine Learning","floor":16.0},{"not_picked":["Reprogram+1","Redo","Steam"],"picked":"SKIP","floor":18.0},{"not_picked":["Cold Snap","Gash"],"picked":"Hologram","floor":19.0},{"not_picked":["Darkness","Auto Shields"],"picked":"Reinforced Body","floor":21.0},{"not_picked":["Cold Snap+1","Self Repair"],"picked":"Doom and Gloom","floor":24.0},{"not_picked":["Leap","Rainbow"],"picked":"Coolheaded","floor":27.0},{"not_picked":["Go for the Eyes","Fusion"],"picked":"Glacier","floor":28.0},{"not_picked":["Steam","Sweeping Beam","Leap"],"picked":"SKIP","floor":29.0},{"not_picked":["Ball Lightning","Reprogram","Cold Snap"],"picked":"SKIP","floor":30.0},{"not_picked":["Conserve Battery","Barrage"],"picked":"Aggregate","floor":31.0},{"not_picked":["Thunder Strike","Seek"],"picked":"Biased Cognition","floor":33.0},{"not_picked":["Go for the Eyes","Leap"],"picked":"Compile Driver+1","floor":35.0},{"not_picked":["Beam Cell+1","Leap"],"picked":"Compile Driver","floor":36.0},{"not_picked":["Redo","Sunder"],"picked":"Blizzard","floor":37.0},{"not_picked":["Go for the Eyes","All For One"],"picked":"Recycle+1","floor":40.0},{"not_picked":["Leap+1","Rebound","Streamline"],"picked":"SKIP","floor":42.0},{"not_picked":["Sweeping Beam+1","Stack+1"],"picked":"Redo+1","floor":44.0},{"not_picked":["Turbo+1","Steam+1"],"picked":"Echo Form","floor":46.0},{"not_picked":["Coolheaded+1","Turbo+1"],"picked":"Defragment","floor":48.0},{"not_picked":["Ball Lightning","Hyperbeam"],"picked":"Stack+1","floor":55.0}],"player_experience":2263716,"relics_obtained":[{"floor":8.0,"key":"Pear"},{"floor":9.0,"key":"Boot"},{"floor":10.0,"key":"Nunchaku"},{"floor":12.0,"key":"Mummified Hand"},{"floor":14.0,"key":"Centennial Puzzle"},{"floor":24.0,"key":"CeramicFish"},{"floor":39.0,"key":"Toxic Egg 2"},{"floor":42.0,"key":"InkBottle"},{"floor":43.0,"key":"Bag of Marbles"},{"floor":46.0,"key":"Shovel"},{"floor":55.0,"key":"Shuriken"}],"event_choices":[{"damage_healed":0.0,"max_hp_gain":0.0,"max_hp_loss":0.0,"gold_gain":75.0,"event_name":"World of Goop","player_choice":"Gather Gold","floor":4.0,"gold_loss":0.0,"damage_taken":11.0},{"cards_removed":["Strike_B"],"damage_healed":0.0,"max_hp_gain":0.0,"max_hp_loss":0.0,"gold_gain":0.0,"event_name":"The Cleric","player_choice":"Card Removal","floor":5.0,"gold_loss":75.0,"damage_taken":0.0},{"damage_healed":0.0,"max_hp_gain":0.0,"max_hp_loss":0.0,"gold_gain":0.0,"event_name":"WeMeetAgain","player_choice":"Gave Potion","floor":13.0,"gold_loss":0.0,"damage_taken":0.0,"relics_obtained":["MealTicket"]},{"damage_healed":0.0,"max_hp_gain":0.0,"max_hp_loss":0.0,"gold_gain":0.0,"event_name":"Vampires","player_choice":"Ignored","floor":20.0,"gold_loss":0.0,"damage_taken":0.0},{"damage_healed":0.0,"max_hp_gain":0.0,"max_hp_loss":0.0,"gold_gain":0.0,"event_name":"Tomb of Lord Red Mask","player_choice":"Paid","floor":38.0,"gold_loss":4.0,"damage_taken":0.0,"relics_obtained":["Red Mask"]},{"damage_healed":0.0,"max_hp_gain":0.0,"max_hp_loss":0.0,"gold_gain":0.0,"event_name":"MindBloom","player_choice":"Fight","floor":46.0,"gold_loss":0.0,"damage_taken":0.0},{"damage_healed":0.0,"max_hp_gain":0.0,"max_hp_loss":0.0,"gold_gain":0.0,"event_name":"Wheel of Change","player_choice":"Cursed","floor":47.0,"gold_loss":0.0,"damage_taken":0.0,"cards_obtained":["Decay"]}],"is_beta":false,"boss_relics":[{"not_picked":["Tiny House","Velvet Choker"],"picked":"Ectoplasm"},{"not_picked":["Runic Pyramid","Calling Bell"],"picked":"Pandora\u0027s Box"}],"items_purged_floors":[22],"is_endless":false,"potions_floor_spawned":[1,8,10,12,16,18,21,29,30,33,35,36,40,44],"killed_by":"The Heart","ascension_level":20,"potion_discard_per_floor":[[],[],[],[],[],[],[],[],[],[],[],[],[],[],[],[],[],["SmokeBomb"],[],[],[],[],[],[],[],[],[],[],[],[],[],[],[],[],[],[],[],[],[],[],[],[],[],[],[],[],[],[],[],[],[],[],[],[],[],[]]}