{"neow_bonuses_skipped_log":["TEN_PERCENT_HP_BONUS","ONE_RARE_RELIC","BOSS_RELIC"],"potions_obtained_entropic_brew":[[],[],[],[],[],[],[],[],[],[],[],[],[],[],[],[],[],[],[],[],[],[],[],[],[],[],[],[],[],[],[],[],[],[],[],[],[],[],[],[],[],[],[],[],[],[],[],[],[],[],[],[],[],[],[],[]],"neow_costs_skipped_log":["NONE","PERCENT_DAMAGE","NONE"],"gold_per_floor":[117,134,114,124,134,164,164,190,190,202,141,166,75,75,75,154,154,172,188,103,180,195,229,229,240,321,333,365,365,383,403,403,478,478,493,507,507,122,139,181,204,204,204,229,229,257,286,118,118,118,118,118,118,11,48,48],"floor_reached":56,"playtime":3363,"items_purged":["Strike_B","Zap","Rip and Tear"],"score":2092,"play_id":"0b984e7d-2346-411e-96b1-63618ad81dfb","local_time":"20231119190721","falling_options_log":["Coolheaded","Defragment"],"score_breakdown":["Floors Climbed (56): 280","Enemies Slain (18): 36","Exordium Elites Killed (3): 30","City Elites Killed (2): 40","Beyond Elites Killed (2): 60","Bosses Slain (4): 500","Champion (3): 75","C-c-c-combo: 25","Ascension (20): 1046"],"is_ascension_mode":true,"potions_obtained_alchemize":[[],[],[],[],[],[],[],[],[],[],[],[],[],[],[],[],[],[],[],[],[],[],[],[],[],[],[],[],[],[],[],[],[],[],[],[],[],[],[],[],[],[],[],[],[],[],[],[],[],[],[],[],[],[],[],[]],"campfire_choices":[{"data":"Biased Cognition","floor":7,"key":"SMITH"},{"floor":15,"key":"REST"},{"data":"Buffer","floor":24,"key":"SMITH"},{"floor":29,"key":"REST"},{"data":"Capacitor","floor":32,"key":"SMITH"},{"floor":49,"key":"RECALL"},{"data":"Coolheaded","floor":53,"key":"SMITH"}],"lesson_learned_per_floor":[[],[],[],[],[],[],[],[],[],[],[],[],[],[],[],[],[],[],[],[],[],[],[],[],[],[],[],[],[],[],[],[],[],[],[],[],[],[],[],[],[],[],[],[],[],[],[],[],[],[],[],[],[],[],[],[]],"neow_cost":"NONE","improvable_cards":{},"seed_source_timestamp":5504197952289800,"shop_contents":[{"floor":13,"relics":["HornCleat","Shovel","Toolbox"],"cards":["Compile Driver","Beam Cell","Aggregate","Loop","Impatience","Apotheosis"],"potions":["EssenceOfSteel","Dexterity Potion","GamblersBrew"]},{"floor":38,"relics":["Darkstone Periapt","Sling"],"cards":["All For One","Hologram","Force Field","Flash of Steel","The Bomb"],"potions":["LiquidBronze","Block Potion","Strength Potion"]},{"floor":48,"relics":["Lantern","Orichalcum"],"cards":["Rebound","Scrape","Stack","Consume","Hello World","Finesse","Mayhem"],"potions":["DuplicationPotion","EntropicBrew","Strength Potion"]},{"floor":54,"relics":["Blue Candle","Vajra","Cauldron"],"cards":["Hyperbeam","Gash","Recycle","Hologram","Static Discharge","Good Instincts","Secret Weapon"],"potions":["Ancient Potion","SteroidPotion"]}],"circlet_count":0,"master_deck":["AscendersBane","Dualcast","Biased Cognition+1","Ball Lightning","Compile Driver","Ball Lightning","Hologram","BootSequence","Chill","Biased Cognition","Double Energy","FTL","BootSequence","Undo","Sweeping Beam","Chill","Double Energy+1","Buffer+1","Ball Lightning+1","Capacitor+1","Biased Cognition","Fusion+1","Coolheaded+1","Defragment","Meteor Strike","Amplify","Heatsinks+1","Coolheaded+1","Recycle+1","White Noise","Rainbow"],"potion_use_per_floor":[[],[],[],[],[],["Energy Potion"],[],["GamblersBrew"],[],[],[],["LiquidMemories"],[],[],[],["DistilledChaos"],[],[],[],[],[],[],["PotionOfCapacity"],[],[],[],["AttackPotion"],[],[],[],[],[],["EssenceOfDarkness"],[],["AttackPotion"],[],[],[],["DistilledChaos","AttackPotion"],[],["DistilledChaos"],[],[],[],[],[],[],[],[],[],["Weak Potion"],[],[],[],[],["Weak Potion","FocusPotion"]],"relics":["Cracked Core","Smiling Mask","Regal Pillow","DataDisk","Mummified Hand","Pandora\u0027s Box","White Beast Statue","Question Card","Mercury Hourglass","InkBottle","Girya","Runic Pyramid","Toy Ornithopter","CeramicFish","Du-Vu Doll","ClockworkSouvenir","Bag of Marbles"],"potions_floor_usage":[6,8,12,16,23,27,33,35,39,39,41,51,56,56],"damage_taken":[{"damage":1,"enemies":"Cultist","floor":1,"turns":3},{"damage":2,"enemies":"Jaw Worm","floor":2,"turns":2},{"damage":7,"enemies":"2 Louse","floor":4,"turns":3},{"damage":9,"enemies":"Exordium Thugs","floor":5,"turns":4},{"damage":7,"enemies":"Gremlin Nob","floor":6,"turns":3},{"damage":20,"enemies":"3 Sentries","floor":8,"turns":4},{"damage":4,"enemies":"Red Slaver","floor":10,"turns":2},{"damage":12,"enemies":"Lagavulin","floor":12,"turns":6},{"damage":16,"enemies":"Slime Boss","floor":16,"turns":9},{"damage":10,"enemies":"2 Thieves","floor":18,"turns":3},{"damage":0,"enemies":"Spheric Guardian","floor":19,"turns":2},{"damage":0,"enemies":"Snake Plant","floor":22,"turns":3},{"damage":15,"enemies":"Book of Stabbing","floor":23,"turns":5},{"damage":0,"enemies":"Centurion and Healer","floor":25,"turns":4},{"damage":0,"enemies":"3 Cultists","floor":27,"turns":3},{"damage":9,"enemies":"Slavers","floor":28,"turns":5},{"damage":0,"enemies":"Snecko","floor":30,"turns":5},{"damage":13,"enemies":"Snake Plant","floor":31,"turns":3},{"damage":22,"enemies":"Champ","floor":33,"turns":8},{"damage":0,"enemies":"3 Darklings","floor":35,"turns":3},{"damage":0,"enemies":"3 Shapes","floor":36,"turns":5},{"damage":0,"enemies":"Writhing Mass","floor":39,"turns":4},{"damage":0,"enemies":"Giant Head","floor":40,"turns":8},{"damage":9,"enemies":"Jaw Worm Horde","floor":41,"turns":3},{"damage":0,"enemies":"Maw","floor":44,"turns":5},{"damage":0,"enemies":"3 Darklings","floor":46,"turns":4},{"damage":0,"enemies":"Reptomancer","floor":47,"turns":4},{"damage":7,"enemies":"Donu and Deca","floor":50,"turns":7},{"damage":26,"enemies":"Awakened One","floor":51,"turns":13},{"damage":0,"enemies":"Shield and Spear","floor":55,"turns":6},{"damage":72,"enemies":"The Heart","floor":56,"turns":8}],"green_key_taken_log":40,"seed_played":"4019928784853355204","neow_bonus_log":{"cardsObtained":["Biased Cognition"],"cardsUpgraded":[],"cardsRemoved":[],"cardsTransformed":[],"relicsObtained":[],"maxHpGained":0,"goldGained":0,"damageTaken":0,"goldLost":0,"maxHpLost":0},"potions_obtained":[{"floor":1,"key":"GamblersBrew"},{"floor":3,"key":"SpeedPotion"},{"floor":5,"key":"Energy Potion"},{"floor":8,"key":"LiquidMemories"},{"floor":12,"key":"DistilledChaos"},{"floor":16,"key":"PotionOfCapacity"},{"floor":19,"key":"Fire Potion"},{"floor":23,"key":"AttackPotion"},{"floor":27,"key":"FearPotion"},{"floor":31,"key":"EssenceOfDarkness"},{"floor":33,"key":"AttackPotion"},{"floor":35,"key":"AttackPotion"},{"floor":36,"key":"DistilledChaos"},{"floor":39,"key":"DistilledChaos"},{"floor":40,"key":"Fire Potion"},{"floor":41,"key":"Weak Potion"},{"floor":55,"key":"Weak Potion"}],"is_trial":false,"path_per_floor":["M","M","?","M","M","E","R","E","T","M","?","E","$","?","R","B",null,"M","M","?","T","M","E","R","M","T","M","E","R","M","M","R","B",null,"M","M","?","$","M","E","M","?","T","M","?","M","E","$","R","B","B",null,"R","$","E","B"],"character_chosen":"DEFECT","basemod:card_modifiers":[null,null,null,null,null,null,null,null,null,null,null,null,null,null,null,null,null,null,null,null,null,null,null,null,null,null,null,null,null,null,null],"items_purchased":["Chill","Defragment","Meteor Strike","Toy Ornithopter","ClockworkSouvenir","FocusPotion"],"campfire_rested":2,"item_purchase_floors":[13,38,38,38,48,54],"current_hp_per_floor":[63,61,61,54,45,38,38,18,18,14,14,2,2,2,38,22,59,49,49,49,49,49,34,34,34,34,34,25,61,61,48,48,26,60,60,60,60,60,70,70,62,62,62,62,62,62,62,62,62,55,34,59,59,59,59,0],"gold":48,"neow_bonus":"ONE_RANDOM_RARE_CARD","is_prod":false,"is_daily":false,"rewards_skipped":[{"floor":22,"relics":[],"potions":["DuplicationPotion"]},{"floor":25,"relics":[],"potions":["EntropicBrew"]},{"floor":28,"relics":[],"potions":["Swift Potion"]},{"floor":30,"relics":[],"potions":["Swift Potion"]},{"floor":44,"relics":[],"potions":["SpeedPotion"]},{"floor":46,"relics":[],"potions":["Regen Potion"]},{"floor":47,"relics":[],"potions":["EssenceOfSteel"]}],"chose_seed":false,"campfire_upgraded":4,"win_rate":0,"floor_exit_playtime":[38,60,74,116,171,209,215,281,283,303,308,374,387,390,393,500,528,566,593,596,599,651,719,724,793,795,856,958,961,1018,1058,1068,1185,1195,1289,1369,1371,1400,1509,1674,1757,1762,1765,1881,1895,1992,2155,2174,2177,2463,2828,2839,2857,2888,3061],"timestamp":1700438841,"blue_key_relic_skipped_log":{"floor":43,"relicID":"Ice Cream"},"path_taken":["M","M","?","M","?","E","R","E","T","M","?","E","$","?","R","BOSS","M","M","?","?","?","E","R","M","T","M","E","R","M","M","R","BOSS","M","M","?","$","M","E","M","?","T","M","?","M","E","$","R","BOSS","BOSS","R","$","E","BOSS"],"build_version":"2022-12-18","purchased_purges":3,"victory":false,"max_hp_per_floor":[71,71,71,71,71,71,71,71,71,71,71,71,71,71,71,71,71,71,71,71,71,71,71,71,71,71,71,71,71,71,71,71,71,71,71,71,71,71,71,71,71,71,71,71,67,67,67,67,67,67,67,67,67,67,67,67],"relic_stats":{"Girya":0,"Regal Pillow":30,"counters":[31,147],"CeramicFish":45,"Smiling Mask":150,"Question Card":17,"White Beast Statue":[0.0,0.0,0.0,0.4,0.0,0.6000000000000001,0.0,0.0,0.0,0.0,0.0,7.567772160000002],"Mercury Hourglass":[377],"Mummified Hand":[155],"Pandora\u0027s Box":["Double Energy","Rip and Tear","FTL","BootSequence","Undo","Sweeping Beam","Chill"],"obtain_stats":[{"Girya":28,"Regal Pillow":8,"CeramicFish":40,"Smiling Mask":6,"Question Card":21,"White Beast Statue":20,"Mercury Hourglass":23,"ClockworkSouvenir":48,"Du-Vu Doll":47,"DataDisk":9,"Mummified Hand":12,"Pandora\u0027s Box":17,"Bag of Marbles":55,"Cracked Core":0,"InkBottle":26,"Toy Ornithopter":38,"Runic Pyramid":34},{"Girya":16,"Regal Pillow":6,"CeramicFish":23,"Smiling Mask":5,"Question Card":11,"White Beast Statue":11,"Mercury Hourglass":13,"ClockworkSouvenir":27,"Du-Vu Doll":27,"DataDisk":6,"Mummified Hand":8,"Pandora\u0027s Box":9,"Bag of Marbles":30,"Cracked Core":0,"InkBottle":14,"Toy Ornithopter":21,"Runic Pyramid":19},{"Girya":61,"Regal Pillow":19,"CeramicFish":97,"Smiling Mask":15,"Question Card":41,"White Beast Statue":41,"Mercury Hourglass":49,"ClockworkSouvenir":113,"Du-Vu Doll":113,"DataDisk":19,"Mummified Hand":27,"Pandora\u0027s Box":36,"Bag of Marbles":139,"Cracked Core":0,"InkBottle":53,"Toy Ornithopter":85,"Runic Pyramid":77}],"InkBottle":[60],"Toy Ornithopter":26},"card_choices":[{"not_picked":["White Noise","Go for the Eyes"],"picked":"Ball Lightning","floor":1},{"not_picked":["Melter","Stack"],"picked":"Compile Driver","floor":2},{"not_picked":["Steam","Turbo","Gash"],"picked":"SKIP","floor":4},{"not_picked":["Rebound","Coolheaded"],"picked":"Ball Lightning","floor":5},{"not_picked":["Stack","Rainbow"],"picked":"Rip and Tear","floor":6},{"not_picked":["Fusion","Double Energy","Turbo"],"picked":"SKIP","floor":8},{"not_picked":["Gash","Steam"],"picked":"Hologram","floor":10},{"not_picked":["Compile Driver","Turbo"],"picked":"BootSequence","floor":12},{"not_picked":["Rainbow","All For One"],"picked":"Biased Cognition","floor":16},{"not_picked":["Tempest","Rebound","Streamline"],"picked":"SKIP","floor":18},{"not_picked":["Sweeping Beam","Stack","Reinforced Body"],"picked":"SKIP","floor":19},{"not_picked":["Streamline","Rebound+1","Blizzard+1"],"picked":"Double Energy+1","floor":22},{"not_picked":["Compile Driver","Reboot","Static Discharge+1"],"picked":"Buffer","floor":23},{"not_picked":["Turbo","Undo","Hologram","Compile Driver"],"picked":"SKIP","floor":25},{"not_picked":["Rebound","Tempest","Undo","Rip and Tear"],"picked":"SKIP","floor":27},{"not_picked":["Undo","Hello World","Cold Snap","Rainbow"],"picked":"SKIP","floor":28},{"not_picked":["Redo","Barrage","Stack"],"picked":"Ball Lightning+1","floor":30},{"not_picked":["Doom and Gloom","Self Repair","Redo"],"picked":"Capacitor","floor":31},{"not_picked":["Buffer","Multi-Cast","Rainbow"],"picked":"Biased Cognition","floor":33},{"not_picked":["Sweeping Beam","Steam Power","Conserve Battery"],"picked":"Fusion+1","floor":35},{"not_picked":["Compile Driver","Ball Lightning+1","BootSequence"],"picked":"Coolheaded","floor":36},{"not_picked":["Hologram+1","Steam","Redo"],"picked":"Amplify","floor":39},{"not_picked":["Stack+1","Blizzard+1","Reboot"],"picked":"Heatsinks+1","floor":40},{"not_picked":["Gash","Skim","Aggregate"],"picked":"Coolheaded+1","floor":41},{"not_picked":["Stack","Storm","Doom and Gloom"],"picked":"Recycle+1","floor":44},{"not_picked":["Lockon","Reprogram","Stack"],"picked":"White Noise","floor":46},{"not_picked":["Go for the Eyes","Gash","Leap","Double Energy"],"picked":"SKIP","floor":47},{"not_picked":["Hologram","FTL","Redo"],"picked":"Rainbow","floor":55}],"player_experience":2288591,"relics_obtained":[{"floor":6,"key":"Smiling Mask"},{"floor":8,"key":"Regal Pillow"},{"floor":9,"key":"DataDisk"},{"floor":12,"key":"Mummified Hand"},{"floor":21,"key":"Question Card"},{"floor":23,"key":"Mercury Hourglass"},{"floor":26,"key":"InkBottle"},{"floor":28,"key":"Girya"},{"floor":40,"key":"CeramicFish"},{"floor":47,"key":"Du-Vu Doll"},{"floor":55,"key":"Bag of Marbles"}],"event_choices":[{"damage_healed":0,"gold_gain":0,"player_choice":"Bought 1 Potion","damage_taken":0,"max_hp_gain":0,"max_hp_loss":0,"event_name":"The Woman in Blue","floor":3,"gold_loss":0},{"damage_healed":0,"gold_gain":0,"player_choice":"Left Gold","damage_taken":0,"max_hp_gain":0,"max_hp_loss":0,"event_name":"World of Goop","floor":11,"gold_loss":61},{"damage_healed":0,"gold_gain":0,"player_choice":"Ignored","damage_taken":0,"max_hp_gain":0,"max_hp_loss":0,"event_name":"Golden Wing","floor":14,"gold_loss":0},{"damage_healed":0,"gold_gain":0,"player_choice":"Obtained Relic","damage_taken":0,"relics_obtained":["White Beast Statue"],"max_hp_gain":0,"max_hp_loss":0,"event_name":"Addict","floor":20,"gold_loss":85},{"damage_healed":0,"gold_gain":0,"player_choice":"Ignored","damage_taken":0,"max_hp_gain":0,"max_hp_loss":0,"event_name":"Tomb of Lord Red Mask","floor":37,"gold_loss":0},{"cards_removed":["Rip and Tear"],"damage_healed":0,"gold_gain":0,"player_choice":"Removed Attack","damage_taken":0,"max_hp_gain":0,"max_hp_loss":0,"event_name":"Falling","floor":42,"gold_loss":0},{"damage_healed":0,"gold_gain":0,"player_choice":"Max HP","damage_taken":0,"max_hp_gain":0,"max_hp_loss":4,"event_name":"Winding Halls","floor":45,"gold_loss":0}],"is_beta":false,"boss_relics":[{"not_picked":["Velvet Choker","Coffee Dripper"],"picked":"Pandora\u0027s Box"},{"not_picked":["Black Star","SlaversCollar"],"picked":"Runic Pyramid"}],"items_purged_floors":[13,38,54],"is_endless":false,"potions_floor_spawned":[1,5,8,12,16,19,22,23,25,27,28,30,31,33,35,36,39,40,41,44,46,47,55],"killed_by":"The Heart","ascension_level":20,"potion_discard_per_floor":[[],[],[],[],["SpeedPotion"],[],[],[],[],[],[],[],[],[],[],[],[],[],[],[],[],[],[],[],[],[],[],[],[],[],["Fire Potion"],[],[],[],[],["FearPotion"],[],[],[],[],[],[],[],[],[],[],[],[],[],[],[],[],[],[],["Fire Potion"],[]]}