{"neow_bonuses_skipped_log":["REMOVE_CARD","ONE_RARE_RELIC","BOSS_RELIC"],"potions_obtained_entropic_brew":[[],[],[],[],[],[],[],[],[],[],[],[],[],[],[],[],[],["Fire Potion","Explosive Potion","Weak Potion","DistilledChaos"],[],[],[],[],[],[]],"neow_costs_skipped_log":["NONE","TEN_PERCENT_HP_LOSS","NONE"],"gold_per_floor":[116,132,151,19,19,19,31,50,50,79,90,90,100,134,134,208,208,220,233,148,14,26,26,26],"floor_reached":24,"playtime":923,"items_purged":["Strike_B"],"score":420,"play_id":"7f78ebac-cc21-461d-9799-7754ab065b5e","local_time":"20231118063743","score_breakdown":["Floors Climbed (24): 120","Enemies Slain (10): 20","Exordium Elites Killed (2): 20","City Elites Killed (0): 0","Bosses Slain (1): 50","Ascension (20): 210"],"is_ascension_mode":true,"potions_obtained_alchemize":[[],[],[],[],[],[],[],[],[],[],[],[],[],[],[],[],[],[],[],[],[],[],[],[]],"campfire_choices":[{"data":"Sunder","floor":6,"key":"SMITH"},{"floor":12,"key":"REST"},{"data":"Zap","floor":15,"key":"SMITH"},{"floor":23,"key":"REST"}],"lesson_learned_per_floor":[[],[],[],[],[],[],[],[],[],[],[],[],[],[],[],[],[],[],[],[],[],[],[],[]],"neow_cost":"NONE","improvable_cards":{},"seed_source_timestamp":5375263741210700,"shop_contents":[{"floor":4,"relics":["Happy Flower","WingedGreaves","ClockworkSouvenir"],"cards":["Go for the Eyes","Barrage","Genetic Algorithm","Redo","Storm","Purity","HandOfGreed"],"potions":["LiquidMemories","DistilledChaos"]},{"floor":21,"relics":["Bottled Lightning","Cables","Sling"],"cards":["Sweeping Beam+1","Beam Cell+1","Steam Power","PanicButton","Transmutation"],"potions":["Weak Potion","CultistPotion","Block Potion"]}],"circlet_count":0,"master_deck":["AscendersBane","Strike_B","Defend_B","Defend_B","Defend_B","Defend_B","Zap+1","Dualcast","Chill","Compile Driver","Sunder+1","Melter+1","Chill","Ball Lightning+1","Meteor Strike+1","Cold Snap+1","Capacitor+1","Coolheaded","Storm+1","Compile Driver+1"],"potion_use_per_floor":[[],[],[],[],[],[],[],[],[],["BlessingOfTheForge"],[],[],["SpeedPotion"],["FearPotion"],[],["Swift Potion","AttackPotion","Energy Potion","Energy Potion"],[],["EntropicBrew","Fire Potion"],["DistilledChaos","Explosive Potion"],[],[],[],[],["DuplicationPotion","Weak Potion"]],"relics":["Cracked Core","Potion Belt","Molten Egg 2","White Beast Statue","Frozen Egg 2","MealTicket","Empty Cage","Dream Catcher"],"potions_floor_usage":[10,13,14,16,16,16,16,18,18,19,19,24,24],"damage_taken":[{"damage":1,"enemies":"Cultist","floor":1,"turns":3},{"damage":4,"enemies":"2 Louse","floor":2,"turns":2},{"damage":2,"enemies":"Small Slimes","floor":3,"turns":4},{"damage":5,"enemies":"3 Louse","floor":7,"turns":4},{"damage":8,"enemies":"Large Slime","floor":8,"turns":5},{"damage":11,"enemies":"Lagavulin","floor":10,"turns":8},{"damage":2,"enemies":"Exordium Thugs","floor":11,"turns":3},{"damage":0,"enemies":"2 Fungi Beasts","floor":13,"turns":3},{"damage":8,"enemies":"Gremlin Nob","floor":14,"turns":3},{"damage":24,"enemies":"The Guardian","floor":16,"turns":11},{"damage":5,"enemies":"2 Thieves","floor":18,"turns":3},{"damage":2,"enemies":"3 Byrds","floor":19,"turns":4},{"damage":23,"enemies":"Sentry and Sphere","floor":22,"turns":6},{"damage":61,"enemies":"Book of Stabbing","floor":24,"turns":5}],"seed_played":"1131245877272005909","neow_bonus_log":{"cardsObtained":[],"cardsUpgraded":[],"cardsRemoved":[],"cardsTransformed":[],"relicsObtained":["Potion Belt"],"maxHpGained":0,"goldGained":0,"damageTaken":0,"goldLost":0,"maxHpLost":0},"potions_obtained":[{"floor":2,"key":"Swift Potion"},{"floor":7,"key":"BlessingOfTheForge"},{"floor":10,"key":"SpeedPotion"},{"floor":11,"key":"AttackPotion"},{"floor":13,"key":"Energy Potion"},{"floor":14,"key":"Energy Potion"},{"floor":16,"key":"EntropicBrew"},{"floor":18,"key":"FearPotion"},{"floor":19,"key":"SteroidPotion"},{"floor":22,"key":"DuplicationPotion"}],"is_trial":false,"path_per_floor":["M","M","M","$","?","R","M","M","T","E","M","R","M","E","R","B",null,"M","M","?","$","M","R","E"],"character_chosen":"DEFECT","basemod:card_modifiers":[null,null,null,null,null,null,null,null,null,null,null,null,null,null,null,null,null,null,null,null],"items_purchased":["FearPotion","Capacitor+1","Coolheaded"],"campfire_rested":2,"item_purchase_floors":[4,21,21],"current_hp_per_floor":[63,59,57,57,39,39,34,26,26,15,13,34,34,26,26,2,54,49,47,47,62,39,60,0],"gold":26,"neow_bonus":"RANDOM_COMMON_RELIC","is_prod":false,"is_daily":false,"rewards_skipped":[],"chose_seed":false,"campfire_upgraded":2,"win_rate":0,"floor_exit_playtime":[63,92,132,157,162,172,218,265,267,346,385,388,424,453,462,594,622,659,753,757,767,840,852],"timestamp":1700307463,"path_taken":["M","M","M","?","?","R","M","M","T","E","M","R","M","E","R","BOSS","M","M","?","$","M","R","E"],"build_version":"2022-12-18","purchased_purges":1,"victory":false,"max_hp_per_floor":[71,71,71,71,71,71,71,71,71,71,71,71,71,71,71,71,71,71,71,71,71,71,71,71],"relic_stats":{"Dream Catcher":1,"counters":[14,64],"MealTicket":15,"obtain_stats":[{"Potion Belt":0,"Dream Catcher":20,"Molten Egg 2":5,"MealTicket":14,"Frozen Egg 2":10,"Cracked Core":0,"Empty Cage":17,"White Beast Statue":9},{"Potion Belt":0,"Dream Catcher":12,"Molten Egg 2":3,"MealTicket":9,"Frozen Egg 2":6,"Cracked Core":0,"Empty Cage":10,"White Beast Statue":5},{"Potion Belt":0,"Dream Catcher":53,"Molten Egg 2":9,"MealTicket":35,"Frozen Egg 2":26,"Cracked Core":0,"Empty Cage":46,"White Beast Statue":18}],"White Beast Statue":[0.0,0.024000000000000007,0.0,0.32800000000000007,0.0,0.5280000000000001,0.0,0.12000000000000002,0.0,0.0,0.0,3.756]},"card_choices":[{"not_picked":["Rebound","Hello World"],"picked":"Chill","floor":1},{"not_picked":["White Noise","Scrape"],"picked":"Compile Driver","floor":2},{"not_picked":["Conserve Battery","Consume"],"picked":"Sunder","floor":3},{"not_picked":["Lockon+1","Redo","Stack"],"picked":"SKIP","floor":7},{"not_picked":["Steam","Reprogram"],"picked":"Melter+1","floor":8},{"not_picked":["Stack","Turbo"],"picked":"Chill","floor":10},{"not_picked":["Turbo","Beam Cell+1","Hello World+1"],"picked":"SKIP","floor":11},{"not_picked":["Streamline+1","Chaos"],"picked":"Ball Lightning+1","floor":13},{"not_picked":["Tempest","Steam Power","Thunder Strike+1"],"picked":"SKIP","floor":14},{"not_picked":["Buffer+1","All For One+1"],"picked":"Meteor Strike+1","floor":16},{"not_picked":["Gash+1","Blizzard+1","Lockon+1"],"picked":"SKIP","floor":18},{"not_picked":["Lockon+1","Scrape+1"],"picked":"Cold Snap+1","floor":19},{"not_picked":["Stack","Steam Power"],"picked":"Storm+1","floor":22},{"not_picked":["Force Field","Streamline+1"],"picked":"Compile Driver+1","floor":23}],"player_experience":2273201,"relics_obtained":[{"floor":9,"key":"White Beast Statue"},{"floor":10,"key":"Frozen Egg 2"},{"floor":14,"key":"MealTicket"}],"event_choices":[{"damage_healed":0,"gold_gain":0,"player_choice":"Success","damage_taken":18,"relics_obtained":["Molten Egg 2"],"max_hp_gain":0,"max_hp_loss":0,"event_name":"Scrap Ooze","floor":5,"gold_loss":0},{"damage_healed":0,"gold_gain":0,"player_choice":"Obtained Relic","damage_taken":0,"relics_obtained":["Dream Catcher"],"max_hp_gain":0,"max_hp_loss":0,"event_name":"Addict","floor":20,"gold_loss":85}],"is_beta":false,"boss_relics":[{"not_picked":["Velvet Choker","Tiny House"],"picked":"Empty Cage"}],"items_purged_floors":[4],"is_endless":false,"potions_floor_spawned":[2,7,10,11,13,14,16,18,19,22],"killed_by":"Book of Stabbing","ascension_level":20,"potion_discard_per_floor":[[],[],[],[],[],[],[],[],[],[],[],[],[],[],[],[],[],[],[],[],[],[],[],[]]}