{"gold_per_floor":[119,133,148,148,148,148,67,101,101,101,129,144,161,189,189,262,262,280,63,63,82,82,82,116,116,116,37,37],"floor_reached":28,"playtime":1069,"items_purged":["Strike_B"],"score":608,"play_id":"2b5e035c-9797-4b22-a1ea-19e82d0b591c","local_time":"20231124224331","score_breakdown":["Floors Climbed (28): 140","Enemies Slain (7): 14","Exordium Elites Killed (3): 30","City Elites Killed (1): 20","Bosses Slain (1): 50","Perfect (1): 50","Ascension (20): 304"],"is_ascension_mode":true,"campfire_choices":[{"data":"Hello World","floor":6.0,"key":"SMITH"},{"data":"Defragment","floor":10.0,"key":"SMITH"},{"data":"Sunder","floor":15.0,"key":"SMITH"},{"data":"Zap","floor":23.0,"key":"SMITH"}],"neow_cost":"NONE","improvable_cards":{},"seed_source_timestamp":0,"circlet_count":0,"master_deck":["AscendersBane","Strike_B","Strike_B+1","Defend_B","Defend_B","Defend_B","Zap+1","Dualcast","Hello World+1","Cold Snap+1","Ball Lightning","Defragment+1","Skim","Tempest","Doom and Gloom","Ball Lightning","Sunder+1","Biased Cognition","Thunder Strike","Turbo","Go for the Eyes","Defragment"],"special_seed":0,"relics":["Coffee Dripper","Matryoshka","Ancient Tea Set","Whetstone","Pen Nib","Thread and Needle","Black Star","Nilry\u0027s Codex","Nunchaku","Oddly Smooth Stone","Singing Bowl","Akabeko"],"potions_floor_usage":[],"damage_taken":[{"damage":3.0,"enemies":"2 Louse","floor":1.0,"turns":2.0},{"damage":7.0,"enemies":"Small Slimes","floor":2.0,"turns":5.0},{"damage":0.0,"enemies":"Cultist","floor":3.0,"turns":4.0},{"damage":5.0,"enemies":"Lagavulin","floor":8.0,"turns":5.0},{"damage":4.0,"enemies":"Gremlin Nob","floor":11.0,"turns":3.0},{"damage":2.0,"enemies":"Looter","floor":12.0,"turns":3.0},{"damage":6.0,"enemies":"Blue Slaver","floor":13.0,"turns":4.0},{"damage":14.0,"enemies":"Lagavulin","floor":14.0,"turns":6.0},{"damage":0.0,"enemies":"Slime Boss","floor":16.0,"turns":6.0},{"damage":0.0,"enemies":"Chosen","floor":18.0,"turns":3.0},{"damage":3.0,"enemies":"3 Byrds","floor":21.0,"turns":4.0},{"damage":42,"enemies":"Book of Stabbing","floor":24,"turns":6},{"damage":10,"enemies":"Centurion and Healer","floor":28,"turns":1}],"seed_played":"-5022736427453779851","potions_obtained":[{"floor":1.0,"key":"SteroidPotion"},{"floor":2.0,"key":"SteroidPotion"},{"floor":11.0,"key":"SteroidPotion"},{"floor":16.0,"key":"PotionOfCapacity"},{"floor":18.0,"key":"Regen Potion"}],"is_trial":false,"path_per_floor":["M","M","M","?","?","R","$","E","T","R","E","M","M","E","R","B",null,"M","$","?","M","?","R","E","?","T","$","M"],"character_chosen":"DEFECT","basemod:card_modifiers":[null,null,null,null,null,null,null,null,null,null,null,null,null,null,null,null,null,null,null,null,null,null],"items_purchased":["Defragment","Thunder Strike","Turbo","Defragment"],"campfire_rested":0,"item_purchase_floors":[7,19,19,27],"current_hp_per_floor":[61,54,54,49,49,49,49,44,44,44,40,38,32,18,18,18,58,58,58,58,67,46,46,4,4,4,4,0],"gold":37,"neow_bonus":"BOSS_RELIC","is_prod":false,"is_daily":false,"chose_seed":false,"campfire_upgraded":4,"win_rate":0,"timestamp":1700883811,"path_taken":["M","M","M","?","?","R","$","E","T","R","E","?","M","E","R","BOSS","M","$","?","M","?","R","E","?","T","$","M"],"build_version":"2022-12-18","purchased_purges":1,"victory":false,"max_hp_per_floor":[71,71,71,71,71,71,71,71,71,71,71,71,71,71,71,71,71,71,71,71,71,71,71,71,71,71,71,71],"relic_stats":{"Nunchaku":[0],"Matryoshka":2,"Singing Bowl":0,"counters":[13,52],"Nilry\u0027s Codex":[0,2,1,3],"Pen Nib":[4],"Black Star":1,"Whetstone":["Strike_B","Cold Snap"],"Ancient Tea Set":[6],"obtain_stats":[{"Singing Bowl":26,"Nilry\u0027s Codex":22,"Oddly Smooth Stone":24,"Thread and Needle":14,"Pen Nib":11,"Whetstone":9,"Ancient Tea Set":9,"Akabeko":26,"Nunchaku":24,"Matryoshka":8,"Coffee Dripper":0,"Black Star":17,"Cracked Core":0},{"Singing Bowl":12,"Nilry\u0027s Codex":11,"Oddly Smooth Stone":12,"Thread and Needle":8,"Pen Nib":5,"Whetstone":4,"Ancient Tea Set":4,"Akabeko":12,"Nunchaku":12,"Matryoshka":4,"Coffee Dripper":0,"Black Star":9,"Cracked Core":0},{"Singing Bowl":51,"Nilry\u0027s Codex":45,"Oddly Smooth Stone":51,"Thread and Needle":32,"Pen Nib":19,"Whetstone":16,"Ancient Tea Set":16,"Akabeko":51,"Nunchaku":51,"Matryoshka":16,"Coffee Dripper":0,"Black Star":38,"Cracked Core":0}]},"card_choices":[{"not_picked":["Lockon","Steam Power"],"picked":"Hello World","floor":1.0},{"not_picked":["Steam","Heatsinks"],"picked":"Cold Snap","floor":2.0},{"not_picked":["Barrage","Gash"],"picked":"Ball Lightning","floor":3.0},{"not_picked":["Stack","Lockon"],"picked":"Skim","floor":8.0},{"not_picked":["Sweeping Beam","Coolheaded"],"picked":"Tempest","floor":11.0},{"not_picked":["Barrage","Coolheaded"],"picked":"Doom and Gloom","floor":12.0},{"not_picked":["Streamline","Recycle"],"picked":"Ball Lightning","floor":13.0},{"not_picked":["Sweeping Beam","Go for the Eyes"],"picked":"Sunder","floor":14.0},{"not_picked":["Core Surge","Meteor Strike"],"picked":"Biased Cognition","floor":16.0},{"not_picked":["Beam Cell","Sunder","Reprogram"],"picked":"SKIP","floor":18.0},{"not_picked":["Redo","Stack","Sweeping Beam"],"picked":"SKIP","floor":21.0},{"not_picked":["Beam Cell","Redo"],"picked":"Go for the Eyes","floor":24}],"player_experience":2348202,"relics_obtained":[{"floor":8.0,"key":"Matryoshka"},{"floor":9.0,"key":"Ancient Tea Set"},{"floor":9.0,"key":"Whetstone"},{"floor":11.0,"key":"Pen Nib"},{"floor":14.0,"key":"Thread and Needle"},{"floor":22.0,"key":"Nilry\u0027s Codex"},{"floor":24,"key":"Nunchaku"},{"floor":24,"key":"Oddly Smooth Stone"},{"floor":26,"key":"Singing Bowl"},{"floor":26,"key":"Akabeko"}],"event_choices":[{"damage_healed":0.0,"max_hp_gain":0.0,"max_hp_loss":0.0,"gold_gain":0.0,"event_name":"Scrap Ooze","player_choice":"Fled","floor":4.0,"gold_loss":0.0,"damage_taken":5.0},{"cards_removed":["Defend_B"],"damage_healed":0.0,"max_hp_gain":0.0,"max_hp_loss":0.0,"gold_gain":0.0,"event_name":"Purifier","player_choice":"Purged","floor":5.0,"gold_loss":0.0,"damage_taken":0.0},{"damage_healed":0.0,"max_hp_gain":0.0,"max_hp_loss":0.0,"gold_gain":0.0,"event_name":"The Mausoleum","player_choice":"Ignored","floor":20.0,"gold_loss":0.0,"damage_taken":0.0},{"damage_healed":0.0,"max_hp_gain":0.0,"max_hp_loss":0.0,"gold_gain":0.0,"event_name":"Cursed Tome","player_choice":"Obtained Book","floor":22.0,"gold_loss":0.0,"damage_taken":21.0},{"cards_removed":["Strike_B"],"damage_healed":0,"gold_gain":0,"player_choice":"Elegance","damage_taken":0,"max_hp_gain":0,"max_hp_loss":0,"event_name":"Back to Basics","floor":25,"gold_loss":0}],"is_beta":false,"boss_relics":[{"not_picked":["SacredBark","Calling Bell"],"picked":"Black Star"}],"items_purged_floors":[19],"is_endless":false,"potions_floor_spawned":[1,2,11,16,18],"killed_by":"Centurion and Healer","ascension_level":20}