{"neow_bonuses_skipped_log":["TRANSFORM_CARD","THREE_SMALL_POTIONS","BOSS_RELIC"],"potions_obtained_entropic_brew":[[],[],[],[],[],[],["AttackPotion","AttackPotion","SmokeBomb","FearPotion"],[],[],[],[],[],[],[],[],[]],"neow_costs_skipped_log":["NONE","NONE","NONE"],"gold_per_floor":[368,518,533,548,85,85,120,120,146,146,163,178,210,226,226,226],"floor_reached":16,"playtime":555,"items_purged":["Doubt"],"score":224,"play_id":"0b553931-61cf-4b79-b5a1-7392061632a5","local_time":"20231127144334","score_breakdown":["Floors Climbed (16): 80","Enemies Slain (6): 12","Exordium Elites Killed (2): 20","Bosses Slain (0): 0","Ascension (20): 112"],"is_ascension_mode":true,"potions_obtained_alchemize":[[],[],[],[],[],[],[],[],[],[],[],[],[],[],[],[]],"campfire_choices":[{"data":"Beam Cell","floor":6,"key":"SMITH"},{"floor":10,"key":"REST"},{"data":"Defragment","floor":15,"key":"SMITH"}],"lesson_learned_per_floor":[[],[],[],[],[],[],[],[],[],[],[],[],[],[],[],[]],"neow_cost":"TEN_PERCENT_HP_LOSS","improvable_cards":{},"seed_source_timestamp":181131206624100,"shop_contents":[{"floor":5,"relics":["Dream Catcher","Lee\u0027s Waffle"],"cards":["Blizzard","Auto Shields","Steam","Trip","Sadistic Nature"],"potions":["BlessingOfTheForge","Energy Potion"]}],"circlet_count":0,"master_deck":["AscendersBane","Strike_B","Strike_B","Strike_B","Strike_B","Defend_B","Defend_B","Defend_B","Defend_B","Zap","Dualcast","Rebound","Beam Cell+1","Coolheaded","Self Repair","Melter","Machine Learning","Defragment+1","Hologram"],"potion_use_per_floor":[[],[],[],[],[],[],["AttackPotion","EntropicBrew","AttackPotion"],[],[],[],[],["Energy Potion"],["AttackPotion"],["Fire Potion"],[],["Strength Potion"]],"relics":["Cracked Core","Potion Belt","DataDisk","White Beast Statue","Anchor","Blue Candle"],"potions_floor_usage":[7,7,7,12,13,14,16],"damage_taken":[{"damage":7,"enemies":"2 Louse","floor":1,"turns":3},{"damage":5,"enemies":"Small Slimes","floor":3,"turns":3},{"damage":9,"enemies":"Jaw Worm","floor":4,"turns":4},{"damage":19,"enemies":"Lagavulin","floor":7,"turns":6},{"damage":9,"enemies":"Exordium Wildlife","floor":11,"turns":5},{"damage":2,"enemies":"3 Louse","floor":12,"turns":3},{"damage":9,"enemies":"3 Sentries","floor":13,"turns":7},{"damage":0,"enemies":"Large Slime","floor":14,"turns":4},{"damage":35,"enemies":"Slime Boss","floor":16,"turns":4}],"seed_played":"2292807372620399258","neow_bonus_log":{"cardsObtained":[],"cardsUpgraded":[],"cardsRemoved":[],"cardsTransformed":[],"relicsObtained":[],"maxHpGained":0,"goldGained":250,"damageTaken":0,"goldLost":0,"maxHpLost":7},"potions_obtained":[{"floor":3,"key":"EntropicBrew"},{"floor":11,"key":"Energy Potion"},{"floor":12,"key":"SteroidPotion"},{"floor":13,"key":"Fire Potion"},{"floor":14,"key":"Strength Potion"}],"is_trial":false,"path_per_floor":["M","?","M","M","$","R","E","?","T","R","M","M","E","M","R","B"],"character_chosen":"DEFECT","basemod:card_modifiers":[null,null,null,null,null,null,null,null,null,null,null,null,null,null,null,null,null,null,null],"items_purchased":["Self Repair","AttackPotion","Potion Belt","Melter"],"campfire_rested":1,"item_purchase_floors":[5,5,5,5],"current_hp_per_floor":[57,57,52,43,43,43,31,5,5,24,22,20,18,25,25,0],"gold":226,"neow_bonus":"TWO_FIFTY_GOLD","is_prod":false,"is_daily":false,"rewards_skipped":[],"chose_seed":false,"campfire_upgraded":2,"win_rate":0,"floor_exit_playtime":[35,41,75,120,140,147,225,232,235,238,301,353,438,483,493],"timestamp":1701114214,"path_taken":["M","?","M","M","$","R","E","?","T","R","M","M","E","M","R","BOSS"],"build_version":"2022-12-18","purchased_purges":1,"victory":false,"max_hp_per_floor":[64,64,64,64,64,64,64,64,64,64,64,64,64,64,64,64],"relic_stats":{"counters":[9,39],"Blue Candle":[0],"obtain_stats":[{"Potion Belt":5,"DataDisk":7,"Anchor":9,"Blue Candle":13,"Cracked Core":0,"White Beast Statue":8},{"Potion Belt":3,"DataDisk":4,"Anchor":4,"Blue Candle":7,"Cracked Core":0,"White Beast Statue":4},{"Potion Belt":10,"DataDisk":16,"Anchor":16,"Blue Candle":31,"Cracked Core":0,"White Beast Statue":16}],"White Beast Statue":[0.0,0.0,0.03600000000000001,0.0,0.3480000000000001,0.0,0.49360000000000015,0.0,0.12000000000000004,0.0,0.002400000000000001,2.2952000000000004]},"card_choices":[{"not_picked":["Turbo","Consume"],"picked":"Rebound","floor":1},{"not_picked":["Leap","Redo"],"picked":"Beam Cell","floor":3},{"not_picked":["Beam Cell","Leap"],"picked":"Coolheaded","floor":4},{"not_picked":["Lockon","Beam Cell","Static Discharge"],"picked":"SKIP","floor":7},{"not_picked":["Stack","Gash","Scrape"],"picked":"SKIP","floor":11},{"not_picked":["Auto Shields","Stack"],"picked":"Machine Learning","floor":12},{"not_picked":["Coolheaded","Barrage"],"picked":"Defragment","floor":13},{"not_picked":["Sweeping Beam","Redo"],"picked":"Hologram","floor":14}],"player_experience":2358479,"relics_obtained":[{"floor":7,"key":"DataDisk"},{"floor":9,"key":"Anchor"},{"floor":13,"key":"Blue Candle"}],"event_choices":[{"damage_healed":0,"gold_gain":150,"player_choice":"AGREE","damage_taken":0,"max_hp_gain":0,"max_hp_loss":0,"event_name":"Liars Game","floor":2,"gold_loss":0,"cards_obtained":["Doubt"]},{"damage_healed":0,"gold_gain":0,"player_choice":"Success","damage_taken":26,"relics_obtained":["White Beast Statue"],"max_hp_gain":0,"max_hp_loss":0,"event_name":"Scrap Ooze","floor":8,"gold_loss":0}],"is_beta":false,"boss_relics":[],"items_purged_floors":[5],"is_endless":false,"potions_floor_spawned":[3,11,12,13,14],"killed_by":"Slime Boss","ascension_level":20,"potion_discard_per_floor":[[],[],[],[],[],[],[],[],[],[],[],[],[],[],[],[]]}