{"neow_bonuses_skipped_log":["TRANSFORM_CARD","TEN_PERCENT_HP_BONUS","BOSS_RELIC"],"potions_obtained_entropic_brew":[[],[],[],["LiquidMemories","ColorlessPotion"]],"neow_costs_skipped_log":["NONE","NONE","NONE"],"gold_per_floor":[14,33,51,51],"floor_reached":4,"playtime":176,"items_purged":[],"score":52,"play_id":"b890df8f-0c9f-42e7-95fd-dd42824774bd","local_time":"20231126181842","score_breakdown":["Floors Climbed (4): 20","Enemies Slain (3): 6","Exordium Elites Killed (0): 0","Bosses Slain (0): 0","Ascension (20): 26"],"is_ascension_mode":true,"potions_obtained_alchemize":[[],[],[],[]],"campfire_choices":[],"lesson_learned_per_floor":[[],[],[],[]],"neow_cost":"NO_GOLD","improvable_cards":{},"seed_source_timestamp":107998515813700,"shop_contents":[],"circlet_count":0,"master_deck":["AscendersBane","Strike_B","Strike_B","Defend_B","Defend_B","Defend_B","Defend_B","Zap","Dualcast","Blizzard","Multi-Cast","Compile Driver","Self Repair","Conserve Battery"],"special_seed":0,"potion_use_per_floor":[[],[],[],["EntropicBrew","ColorlessPotion"]],"relics":["Cracked Core"],"potions_floor_usage":[4,4],"damage_taken":[{"damage":2.0,"enemies":"Cultist","floor":1.0,"turns":4.0},{"damage":0.0,"enemies":"Small Slimes","floor":2.0,"turns":2.0},{"damage":7.0,"enemies":"Jaw Worm","floor":3.0,"turns":4.0},{"damage":29,"enemies":"3 Louse","floor":4,"turns":5}],"seed_played":"-675136786389356370","neow_bonus_log":{"cardsObtained":["Blizzard","Multi-Cast"],"cardsUpgraded":[],"cardsRemoved":[],"cardsTransformed":["Strike_B","Strike_B"],"relicsObtained":[],"maxHpGained":0,"goldGained":0,"damageTaken":0,"goldLost":99,"maxHpLost":0},"potions_obtained":[{"floor":2.0,"key":"EntropicBrew"}],"is_trial":false,"path_per_floor":["M","M","M","M"],"character_chosen":"DEFECT","basemod:card_modifiers":[null,null,null,null,null,null,null,null,null,null,null,null,null,null],"items_purchased":[],"campfire_rested":0,"item_purchase_floors":[],"current_hp_per_floor":[62,62,62,33],"gold":51,"neow_bonus":"TRANSFORM_TWO_CARDS","is_prod":false,"is_daily":false,"rewards_skipped":[],"chose_seed":false,"campfire_upgraded":0,"win_rate":0,"floor_exit_playtime":[61,79,113],"timestamp":1701040722,"path_taken":["M","M","?","M"],"build_version":"2022-12-18","purchased_purges":0,"victory":false,"max_hp_per_floor":[71,71,71,71],"relic_stats":{"counters":[4,14],"obtain_stats":[{"Cracked Core":0},{"Cracked Core":0},{"Cracked Core":0}]},"card_choices":[{"not_picked":["Steam","Beam Cell"],"picked":"Compile Driver","floor":1.0},{"not_picked":["Barrage","White Noise"],"picked":"Self Repair","floor":2.0},{"not_picked":["Steam","Blizzard"],"picked":"Conserve Battery","floor":3.0}],"player_experience":2351999,"relics_obtained":[],"event_choices":[],"is_beta":false,"boss_relics":[],"items_purged_floors":[],"is_endless":false,"potions_floor_spawned":[2],"killed_by":"3 Louse","ascension_level":20,"potion_discard_per_floor":[[],[],[],[]]}