{"neow_bonuses_skipped_log":["TRANSFORM_CARD","THREE_SMALL_POTIONS","BOSS_RELIC"],"neow_costs_skipped_log":["NONE","NONE","NONE"],"potions_obtained_entropic_brew":[[],[],[],[],[],[],[],[],[],[],[],[],[],[],[],[],[],[],[],[],[],[],[],[],[],[],[],[],[],[],[],[],[],[],[],[],[],[],[],[],[],[],[],[],[],[],[],[],[],[],[],[],[],[],[],[]],"gold_per_floor":[366,416,35,55,71,102,102,132,155,196,208,250,337,369,381,468,480,505,156,156,156,156,156,183,183,183,208,6,6,26,26,26,104,104,114,114,114,161,161,191,207,207,256,256,275,40,40,66,66,66,66,66,66,24,59,59],"floor_reached":56,"playtime":3040,"items_purged":["Shame","Strike_B","Strike_B","Defend_B"],"score":1926,"play_id":"c25f5964-5c50-4e2c-8398-1473f3507694","local_time":"20231127180201","falling_options_log":["Turbo","Buffer+1"],"score_breakdown":["Floors Climbed (56): 280","Enemies Slain (9): 18","Exordium Elites Killed (4): 40","City Elites Killed (2): 40","Beyond Elites Killed (2): 60","Bosses Slain (4): 500","Money Money (1241): 25","Librarian: 25","Ascension (20): 938"],"is_ascension_mode":true,"potions_obtained_alchemize":[[],[],[],[],[],[],[],[],[],[],[],[],[],[],[],[],[],[],[],[],[],[],[],[],[],[],[],[],[],[],[],[],[],[],[],[],[],[],[],[],[],[],[],[],[],[],[],[],[],[],[],[],[],[],[],[]],"campfire_choices":[{"floor":7.0,"key":"REST"},{"data":"Defragment","floor":11.0,"key":"SMITH"},{"data":"1","floor":15.0,"key":"LIFT"},{"data":"Tempest","floor":23.0,"key":"SMITH"},{"data":"Buffer","floor":25.0,"key":"SMITH"},{"data":"Coolheaded","floor":29.0,"key":"SMITH"},{"data":"Thunder Strike","floor":32.0,"key":"SMITH"},{"data":"Discovery","floor":42,"key":"SMITH"},{"data":"Seek","floor":44,"key":"SMITH"},{"floor":49,"key":"RECALL"},{"data":"Defragment","floor":53,"key":"SMITH"}],"lesson_learned_per_floor":[[],[],[],[],[],[],[],[],[],[],[],[],[],[],[],[],[],[],[],[],[],[],[],[],[],[],[],[],[],[],[],[],[],[],[],[],[],[],[],[],[],[],[],[],[],[],[],[],[],[],[],[],[],[],[],[]],"neow_cost":"CURSE","improvable_cards":{},"seed_source_timestamp":190513659546300,"shop_contents":[{"floor":3,"relics":["Shuriken","MealTicket"],"cards":["Lockon","Scrape","Coolheaded","Turbo","Good Instincts","HandOfGreed"],"potions":["LiquidMemories","Block Potion"]},{"floor":19,"relics":["Bottled Flame","Frozen Eye"],"cards":["Scrape","Blizzard","Hologram","Conserve Battery","Purity","Sadistic Nature"],"potions":["Strength Potion","BlessingOfTheForge","GamblersBrew"]},{"floor":28,"relics":["Nunchaku","War Paint","Medical Kit"],"cards":["Meteor Strike","Rip and Tear","Chill","Static Discharge","PanicButton","Master of Strategy"],"potions":["Energy Potion","Weak Potion","FearPotion"]},{"floor":31,"relics":["HornCleat","Mummified Hand","Chemical X"],"cards":["Scrape","Barrage","Steam","Conserve Battery","Capacitor","Jack Of All Trades","Secret Technique"],"potions":["FocusPotion","Fire Potion","BlessingOfTheForge"]},{"floor":37,"relics":["Toxic Egg 2","Anchor","DollysMirror"],"cards":["Compile Driver","Rip and Tear","Turbo","Stack","Heatsinks","Jack Of All Trades","Panache"],"potions":["AttackPotion","Strength Potion","GamblersBrew"]},{"floor":46,"relics":["Dream Catcher","Mercury Hourglass","Sling"],"cards":["Sunder","Scrape","Leap","Redo","Finesse","Magnetism"],"potions":["PowerPotion","Explosive Potion","Energy Potion"]},{"floor":54,"relics":["Letter Opener","Blue Candle","Lee\u0027s Waffle"],"cards":["Compile Driver","Thunder Strike","Redo","Hologram","Finesse","Panache"],"potions":["EntropicBrew","Strength Potion","EntropicBrew"]}],"circlet_count":0,"master_deck":["AscendersBane","Defend_B","Defend_B","Defend_B","Zap","Dualcast","Ball Lightning","Defragment+1","Leap","Electrodynamics","Compile Driver","Glacier","Core Surge","White Noise","Thunder Strike+1","Tempest+1","Defragment+1","Coolheaded+1","Consume","Buffer+1","Seek+1","White Noise","Compile Driver","Electrodynamics","Turbo","Dark Shackles","Master of Strategy","Discovery+1","Darkness+1","Reinforced Body+1","Chill","Biased Cognition","Storm","Capacitor","Capacitor","Heatsinks","Creative AI"],"special_seed":0,"potion_use_per_floor":[[],[],[],[],[],["SpeedPotion"],[],[],[],["FearPotion"],[],["Swift Potion"],[],[],[],["Strength Potion"],[],[],[],[],[],[],[],["LiquidMemories"],[],[],["Dexterity Potion"],[],[],["Explosive Potion"],[],[],[],[],[],[],[],[],[],[],[],[],[],[],[],[],[],[],[],[],[],[],[],[],[],["DuplicationPotion"]],"relics":["Cracked Core","Toolbox","Bag of Marbles","MawBank","Girya","Eternal Feather","Philosopher\u0027s Stone","Omamori","Nloth\u0027s Gift","Strawberry","Prayer Wheel","Toy Ornithopter","Nuclear Battery","Emotion Chip","Blood Vial","Centennial Puzzle","Ice Cream"],"potions_floor_usage":[56],"damage_taken":[{"damage":5.0,"enemies":"2 Louse","floor":1.0,"turns":3.0},{"damage":0.0,"enemies":"Cultist","floor":4.0,"turns":3.0},{"damage":0.0,"enemies":"Jaw Worm","floor":5.0,"turns":3.0},{"damage":30.0,"enemies":"3 Sentries","floor":6.0,"turns":6.0},{"damage":11.0,"enemies":"Lagavulin","floor":8.0,"turns":4.0},{"damage":8.0,"enemies":"Gremlin Nob","floor":10.0,"turns":3.0},{"damage":5.0,"enemies":"3 Sentries","floor":12.0,"turns":4.0},{"damage":0.0,"enemies":"3 Louse","floor":14.0,"turns":3.0},{"damage":8.0,"enemies":"Hexaghost","floor":16.0,"turns":6.0},{"damage":6.0,"enemies":"2 Thieves","floor":18.0,"turns":3.0},{"damage":21.0,"enemies":"Gremlin Leader","floor":24.0,"turns":4.0},{"damage":34.0,"enemies":"Book of Stabbing","floor":27.0,"turns":5.0},{"damage":7.0,"enemies":"3 Byrds","floor":30.0,"turns":3.0},{"damage":11.0,"enemies":"Champ","floor":33.0,"turns":11.0},{"damage":0.0,"enemies":"3 Shapes","floor":35.0,"turns":3.0},{"damage":24,"enemies":"2 Orb Walkers","floor":38,"turns":4},{"damage":34,"enemies":"Giant Head","floor":40,"turns":7},{"damage":0,"enemies":"Orb Walker","floor":41,"turns":3},{"damage":2,"enemies":"Spire Growth","floor":45,"turns":4},{"damage":8,"enemies":"Nemesis","floor":48,"turns":5},{"damage":15,"enemies":"Donu and Deca","floor":50,"turns":7},{"damage":12,"enemies":"Time Eater","floor":51,"turns":7},{"damage":20,"enemies":"Shield and Spear","floor":55,"turns":3},{"damage":61,"enemies":"The Heart","floor":56,"turns":2}],"green_key_taken_log":40,"seed_played":"8278882896346341300","neow_bonus_log":{"cardsObtained":["Shame"],"cardsUpgraded":[],"cardsRemoved":[],"cardsTransformed":[],"relicsObtained":[],"maxHpGained":0,"goldGained":250,"damageTaken":0,"goldLost":0,"maxHpLost":0},"potions_obtained":[{"floor":5.0,"key":"SpeedPotion"},{"floor":8.0,"key":"Swift Potion"},{"floor":10.0,"key":"Strength Potion"},{"floor":14.0,"key":"Dexterity Potion"},{"floor":18.0,"key":"LiquidMemories"},{"floor":27.0,"key":"Explosive Potion"},{"floor":38,"key":"DuplicationPotion"},{"floor":41,"key":"FearPotion"}],"is_trial":false,"path_per_floor":["M","?","$","M","M","E","R","E","T","E","R","E","?","M","R","B",null,"M","$","?","?","?","R","E","R","T","E","$","R","M","$","R","B",null,"M","?","$","?","?","E","M","R","T","R","M","$","?","E","R","B","B",null,"R","$","E","B"],"character_chosen":"DEFECT","basemod:card_modifiers":[null,null,null,null,null,null,null,null,null,null,null,null,null,null,null,null,null,null,null,null,null,null,null,null,null,null,null,null,null,null,null,null,null,null,null,null,null],"items_purchased":["Toolbox","FearPotion","Defragment","Defragment","Omamori","White Noise","Capacitor","Heatsinks"],"campfire_rested":1,"item_purchase_floors":[3,3,3,19,19,28,46,54],"current_hp_per_floor":[59,52,52,52,52,22,43,32,32,24,24,19,8,8,20,12,56,50,50,50,50,50,62,48,60,60,26,26,38,36,36,51,40,69,69,59,59,35,35,1,3,21,21,39,39,39,39,33,54,41,31,63,74,74,54,0],"gold":59,"neow_bonus":"TWO_FIFTY_GOLD","is_prod":false,"is_daily":false,"rewards_skipped":[{"floor":48,"relics":[],"potions":["Strength Potion"]}],"chose_seed":false,"campfire_upgraded":8,"win_rate":0,"floor_exit_playtime":[46,50,80,111,151,228,234,283,285,328,336,391,397,438,452,513,524,667,688,696,701,711,722,784,789,792,860,878,891,1788,1795,1802,1932,1946,1985,1992,2005,2102,2106,2245,2304,2312,2314,2320,2423,2432,2436,2522,2525,2680,2797,2808,2821,2825,2958],"timestamp":1701126121,"blue_key_relic_skipped_log":{"floor":43,"relicID":"Juzu Bracelet"},"path_taken":["M","?","$","?","M","E","R","E","T","E","R","E","?","M","R","BOSS","M","$","?","?","?","R","E","R","T","E","$","R","?","?","R","BOSS","M","?","$","?","?","E","M","R","T","R","M","$","?","E","R","BOSS","BOSS","R","$","E","BOSS"],"build_version":"2022-12-18","purchased_purges":4,"victory":false,"max_hp_per_floor":[71,71,71,71,71,71,71,71,71,71,71,71,71,71,71,71,71,71,71,71,71,71,71,78,78,78,78,78,78,78,78,78,78,78,78,78,78,78,74,74,74,74,74,74,74,74,74,74,74,74,74,74,74,74,74,74],"relic_stats":{"Ice Cream":[0],"Girya":1,"counters":[24,106],"Eternal Feather":131,"Omamori":0,"MawBank":120,"Blood Vial":12,"Emotion Chip":[32,18,8,1,5],"Centennial Puzzle":[12],"Prayer Wheel":4,"Nloth\u0027s Gift":6,"obtain_stats":[{"Ice Cream":55,"Girya":10,"Eternal Feather":12,"Omamori":19,"MawBank":9,"Nuclear Battery":34,"Blood Vial":40,"Emotion Chip":38,"Centennial Puzzle":48,"Bronze Scales":6,"Strawberry":24,"Toolbox":3,"Philosopher\u0027s Stone":17,"Prayer Wheel":26,"Bag of Marbles":8,"Nloth\u0027s Gift":22,"Cracked Core":0,"Toy Ornithopter":27},{"Ice Cream":23,"Girya":6,"Eternal Feather":7,"Omamori":10,"MawBank":5,"Nuclear Battery":14,"Blood Vial":17,"Emotion Chip":16,"Centennial Puzzle":20,"Bronze Scales":4,"Strawberry":11,"Toolbox":1,"Philosopher\u0027s Stone":9,"Prayer Wheel":11,"Bag of Marbles":5,"Nloth\u0027s Gift":10,"Cracked Core":0,"Toy Ornithopter":12},{"Ice Cream":104,"Girya":22,"Eternal Feather":26,"Omamori":38,"MawBank":19,"Nuclear Battery":61,"Blood Vial":75,"Emotion Chip":68,"Centennial Puzzle":87,"Bronze Scales":15,"Strawberry":42,"Toolbox":3,"Philosopher\u0027s Stone":35,"Prayer Wheel":42,"Bag of Marbles":19,"Nloth\u0027s Gift":38,"Cracked Core":0,"Toy Ornithopter":47}],"Toy Ornithopter":10},"card_choices":[{"not_picked":["Gash","Double Energy"],"picked":"Ball Lightning","floor":1.0},{"not_picked":["Recycle","Aggregate"],"picked":"Compile Driver","floor":4.0},{"not_picked":["Gash","BootSequence"],"picked":"Leap","floor":5.0},{"not_picked":["Loop","Glacier"],"picked":"Electrodynamics","floor":6.0},{"not_picked":["Go for the Eyes","Gash"],"picked":"Compile Driver","floor":8.0},{"not_picked":["Rebound","Skim"],"picked":"Glacier","floor":10.0},{"not_picked":["Go for the Eyes","Beam Cell"],"picked":"Core Surge","floor":12.0},{"not_picked":["Recycle","Reinforced Body"],"picked":"White Noise","floor":14.0},{"not_picked":["Fission","Hyperbeam"],"picked":"Thunder Strike","floor":16.0},{"not_picked":["Turbo","Auto Shields+1"],"picked":"Tempest","floor":18.0},{"not_picked":["Defragment","Gash"],"picked":"Buffer","floor":24.0},{"not_picked":["Steam Power","Turbo"],"picked":"Seek","floor":27.0},{"not_picked":["Ball Lightning","Machine Learning"],"picked":"Compile Driver","floor":30.0},{"not_picked":["Beam Cell","Compile Driver","Darkness"],"picked":"SKIP","floor":30.0},{"not_picked":["Amplify","Fission"],"picked":"Electrodynamics","floor":33.0},{"not_picked":["Cold Snap","Core Surge"],"picked":"Turbo","floor":35.0},{"not_picked":["Steam+1","Beam Cell","Lockon"],"picked":"SKIP","floor":35.0},{"not_picked":["Madness","Dramatic Entrance"],"picked":"Dark Shackles","floor":36},{"not_picked":["Panacea","Sadistic Nature"],"picked":"Master of Strategy","floor":36},{"not_picked":["Trip","Metamorphosis"],"picked":"Discovery","floor":36},{"not_picked":["Hello World","Stack+1"],"picked":"Darkness+1","floor":38},{"not_picked":["Coolheaded","Redo"],"picked":"Reinforced Body+1","floor":40},{"not_picked":["Gash","Turbo+1"],"picked":"Chill","floor":41},{"not_picked":["Ball Lightning","Go for the Eyes","Genetic Algorithm"],"picked":"SKIP","floor":41},{"not_picked":["Hologram","Darkness"],"picked":"Biased Cognition","floor":45},{"not_picked":["Cold Snap","Sunder"],"picked":"Storm","floor":45},{"not_picked":["Blizzard","Rainbow"],"picked":"Capacitor","floor":48},{"not_picked":["Glacier","White Noise"],"picked":"Creative AI","floor":55}],"player_experience":2366523,"relics_obtained":[{"floor":6.0,"key":"Bronze Scales"},{"floor":8.0,"key":"Bag of Marbles"},{"floor":9.0,"key":"MawBank"},{"floor":10.0,"key":"Girya"},{"floor":12.0,"key":"Eternal Feather"},{"floor":24.0,"key":"Strawberry"},{"floor":26.0,"key":"Prayer Wheel"},{"floor":27.0,"key":"Toy Ornithopter"},{"floor":38,"key":"Emotion Chip"},{"floor":40,"key":"Blood Vial"},{"floor":48,"key":"Centennial Puzzle"},{"floor":55,"key":"Ice Cream"}],"event_choices":[{"damage_healed":0.0,"max_hp_gain":0.0,"max_hp_loss":0.0,"gold_gain":50.0,"event_name":"FaceTrader","player_choice":"Touch","floor":2.0,"gold_loss":0.0,"damage_taken":7.0},{"damage_healed":0.0,"max_hp_gain":0.0,"max_hp_loss":0.0,"gold_gain":75.0,"event_name":"World of Goop","player_choice":"Gather Gold","floor":13.0,"gold_loss":0.0,"damage_taken":11.0},{"damage_healed":0.0,"max_hp_gain":0.0,"max_hp_loss":0.0,"gold_gain":0.0,"event_name":"Vampires","player_choice":"Ignored","floor":20.0,"gold_loss":0.0,"damage_taken":0.0},{"damage_healed":0.0,"max_hp_gain":0.0,"max_hp_loss":0.0,"gold_gain":0.0,"cards_transformed":["Strike_B","Strike_B"],"event_name":"Drug Dealer","player_choice":"Became Test Subject","floor":21.0,"gold_loss":0.0,"damage_taken":0.0,"cards_obtained":["Coolheaded","Consume"]},{"damage_healed":0.0,"max_hp_gain":0.0,"max_hp_loss":0.0,"gold_gain":0.0,"event_name":"N\u0027loth","player_choice":"Traded Relic","floor":22.0,"relics_lost":["Bronze Scales"],"gold_loss":0.0,"damage_taken":0.0,"relics_obtained":["Nloth\u0027s Gift"]},{"damage_healed":0,"gold_gain":0,"player_choice":"Memory 3","damage_taken":10,"max_hp_gain":0,"max_hp_loss":0,"event_name":"SensoryStone","floor":36,"gold_loss":0},{"damage_healed":0,"gold_gain":0,"player_choice":"Fight","damage_taken":0,"max_hp_gain":0,"max_hp_loss":0,"event_name":"Mysterious Sphere","floor":38,"gold_loss":0},{"damage_healed":0,"gold_gain":0,"player_choice":"Max HP","damage_taken":0,"max_hp_gain":0,"max_hp_loss":4,"event_name":"Winding Halls","floor":39,"gold_loss":0},{"cards_removed":["Compile Driver"],"damage_healed":0,"gold_gain":0,"player_choice":"Removed Attack","damage_taken":0,"max_hp_gain":0,"max_hp_loss":0,"event_name":"Falling","floor":47,"gold_loss":0}],"is_beta":false,"boss_relics":[{"not_picked":["FrozenCore","SacredBark"],"picked":"Philosopher\u0027s Stone"},{"not_picked":["Inserter","Coffee Dripper"],"picked":"Nuclear Battery"}],"items_purged_floors":[3,19,28,46],"is_endless":false,"potions_floor_spawned":[5,8,10,14,18,27,38,41,48],"killed_by":"The Heart","ascension_level":20,"potion_discard_per_floor":[[],[],[],[],[],[],[],[],[],[],[],[],[],[],[],[],[],[],[],[],[],[],[],[],[],[],[],[],[],[],[],[],[],[],[],[],[],[],[],[],[],[],[],[],[],[],[],[],[],[],[],[],[],[],[],[]]}