{"neow_bonuses_skipped_log":["THREE_CARDS","RANDOM_COMMON_RELIC","BOSS_RELIC"],"neow_costs_skipped_log":["NONE","NONE","NONE"],"potions_obtained_entropic_brew":[[],[],[],[],[],[],[],[],[],[],[],[],[],[],[],[],[],[],[],[],[],[],[],[],[],[],[],[],[],[],[],[],[],[],[],[],[],[],[],[],[],[],[],[],[],[],[],[],[],[],[],[],[],[],[],[],[]],"gold_per_floor":[109,121,121,134,209,209,243,243,289,312,338,361,373,413,425,516,528,554,566,592,186,204,204,221,221,221,221,231,231,231,259,259,335,335,350,399,142,142,152,152,169,202,229,254,254,270,280,308,308,308,308,308,308,12,39,39],"floor_reached":57,"playtime":2928,"items_purged":["Strike_B","Strike_B","Defend_B"],"score":2994,"play_id":"ec1dd0e9-cce6-49ca-826e-1568225d56f2","local_time":"20231213141654","score_breakdown":["Floors Climbed (57): 285","Enemies Slain (16): 32","Exordium Elites Killed (2): 20","City Elites Killed (1): 20","Beyond Elites Killed (3): 90","Bosses Slain (5): 750","Speedster: 25","Librarian: 25","Champion (1): 25","Perfect (2): 100","C-c-c-combo: 25","Ascension (20): 1347","Heartbreaker: 250"],"is_ascension_mode":true,"potions_obtained_alchemize":[[],[],[],[],[],[],[],[],[],[],[],[],[],[],[],[],[],[],[],[],[],[],[],[],[],[],[],[],[],[],[],[],[],[],[],[],[],[],[],[],[],[],[],[],[],[],[],[],[],[],[],[],[],[],[],[],[]],"campfire_choices":[{"data":"Hyperbeam","floor":6,"key":"SMITH"},{"data":"Hologram","floor":8,"key":"SMITH"},{"floor":13,"key":"REST"},{"floor":15,"key":"REST"},{"floor":23,"key":"REST"},{"floor":25,"key":"REST"},{"data":"Electrodynamics","floor":27,"key":"SMITH"},{"data":"Aggregate","floor":29,"key":"SMITH"},{"data":"Defragment","floor":32,"key":"SMITH"},{"data":"Seek","floor":40,"key":"SMITH"},{"data":"Turbo","floor":45,"key":"SMITH"},{"floor":49,"key":"RECALL"},{"data":"Buffer","floor":53,"key":"SMITH"}],"lesson_learned_per_floor":[[],[],[],[],[],[],[],[],[],[],[],[],[],[],[],[],[],[],[],[],[],[],[],[],[],[],[],[],[],[],[],[],[],[],[],[],[],[],[],[],[],[],[],[],[],[],[],[],[],[],[],[],[],[],[],[],[]],"neow_cost":"TEN_PERCENT_HP_LOSS","improvable_cards":{"Genetic Algorithm":[55,51]},"seed_source_timestamp":708932005465100,"shop_contents":[{"floor":21,"relics":["Ice Cream","Strawberry"],"cards":["Streamline","Barrage","Multi-Cast","BootSequence","Storm","Blind"],"potions":["PotionOfCapacity","Explosive Potion","Fire Potion"]},{"floor":37,"relics":["Regal Pillow","Calipers"],"cards":["Ball Lightning","Beam Cell","Steam","Reprogram","Hello World","Madness","Thinking Ahead"],"potions":["CultistPotion","GamblersBrew","AttackPotion"]},{"floor":54,"relics":["Lantern","Shuriken"],"cards":["Cold Snap","Gash","Multi-Cast","BootSequence","Loop","Panacea","Chrysalis"],"potions":["Fruit Juice","EssenceOfDarkness","GamblersBrew"]}],"circlet_count":0,"master_deck":["AscendersBane","Defend_B","Defend_B","Defend_B","Zap","Dualcast","Rip and Tear","Hologram+1","Ball Lightning","Genetic Algorithm","Hyperbeam+1","Electrodynamics+1","Ball Lightning","Capacitor","Leap","Biased Cognition","Undo","Glacier","Biased Cognition","FTL+1","Cold Snap","Chill","Defragment+1","Genetic Algorithm","Master of Strategy","Self Repair","Aggregate+1","Compile Driver","Seek+1","Heatsinks","Heatsinks","Skim","Turbo+1","Echo Form","Darkness","Capacitor","Parasite","Glacier+1","Buffer+1"],"potion_use_per_floor":[[],[],[],[],[],[],[],[],[],[],[],[],[],["DistilledChaos"],[],["PowerPotion"],[],[],[],[],[],[],[],[],[],[],[],[],[],[],[],[],[],[],[],[],[],[],[],[],[],[],[],[],[],[],[],[],[],[],[],[],[],[],[],[],[]],"relics":["Cracked Core","Prayer Wheel","Boot","MawBank","Akabeko","Sozu","DollysMirror","Bottled Tornado","Centennial Puzzle","Runic Dome","Emotion Chip","OrangePellets","Dead Branch","Blue Candle","Happy Flower","ClockworkSouvenir","Lizard Tail"],"potions_floor_usage":[14,16],"damage_taken":[{"damage":2,"enemies":"2 Louse","floor":1,"turns":3},{"damage":0,"enemies":"Small Slimes","floor":2,"turns":2},{"damage":0,"enemies":"Jaw Worm","floor":4,"turns":3},{"damage":22,"enemies":"Lagavulin","floor":7,"turns":5},{"damage":7,"enemies":"2 Fungi Beasts","floor":10,"turns":3},{"damage":0,"enemies":"Exordium Thugs","floor":11,"turns":3},{"damage":8,"enemies":"Large Slime","floor":12,"turns":4},{"damage":27,"enemies":"Gremlin Nob","floor":14,"turns":4},{"damage":10,"enemies":"The Guardian","floor":16,"turns":10},{"damage":17,"enemies":"Shell Parasite","floor":18,"turns":4},{"damage":4,"enemies":"2 Thieves","floor":20,"turns":3},{"damage":3,"enemies":"3 Cultists","floor":22,"turns":6},{"damage":6,"enemies":"Centurion and Healer","floor":24,"turns":6},{"damage":7,"enemies":"Chosen and Byrds","floor":28,"turns":5},{"damage":0,"enemies":"Gremlin Leader","floor":31,"turns":5},{"damage":0,"enemies":"Collector","floor":33,"turns":9},{"damage":5,"enemies":"3 Darklings","floor":35,"turns":3},{"damage":16,"enemies":"2 Orb Walkers","floor":36,"turns":5},{"damage":11,"enemies":"3 Shapes","floor":39,"turns":2},{"damage":4,"enemies":"Transient","floor":41,"turns":6},{"damage":8,"enemies":"Reptomancer","floor":42,"turns":6},{"damage":10,"enemies":"Nemesis","floor":44,"turns":7},{"damage":0,"enemies":"Spire Growth","floor":46,"turns":5},{"damage":0,"enemies":"Writhing Mass","floor":47,"turns":5},{"damage":8,"enemies":"Reptomancer","floor":48,"turns":5},{"damage":1,"enemies":"Donu and Deca","floor":50,"turns":6},{"damage":33,"enemies":"Awakened One","floor":51,"turns":13},{"damage":15,"enemies":"Shield and Spear","floor":55,"turns":13},{"damage":33,"enemies":"The Heart","floor":56,"turns":14}],"green_key_taken_log":42,"seed_played":"-4634073863338597338","neow_bonus_log":{"cardsObtained":[],"cardsUpgraded":[],"cardsRemoved":[],"cardsTransformed":[],"relicsObtained":["Prayer Wheel"],"maxHpGained":0,"goldGained":0,"damageTaken":0,"goldLost":0,"maxHpLost":7},"potions_obtained":[{"floor":1,"key":"Ancient Potion"},{"floor":4,"key":"PowerPotion"},{"floor":10,"key":"DistilledChaos"}],"is_trial":false,"path_per_floor":["M","M","?","M","?","R","E","R","T","M","M","M","R","E","R","B",null,"M","?","M","$","M","R","M","R","T","R","M","R","?","E","R","B",null,"M","?","$","?","M","R","M","E","T","E","R","M","M","E","R","B","B",null,"R","$","E","B",null],"character_chosen":"DEFECT","basemod:card_modifiers":[null,null,null,null,null,null,null,null,null,null,null,null,null,null,null,null,null,null,null,null,null,null,null,null,null,null,null,null,null,null,null,null,null,null,null,null,null,null,null],"items_purchased":["DollysMirror","Master of Strategy","OrangePellets","ClockworkSouvenir"],"campfire_rested":4,"item_purchase_floors":[21,21,37,54],"current_hp_per_floor":[62,62,62,62,51,51,29,29,29,22,22,14,33,6,25,15,52,35,18,14,14,11,31,32,52,52,52,52,52,52,59,59,66,68,63,54,54,50,46,46,49,48,48,52,52,59,66,69,69,69,43,63,63,63,62,36],"gold":39,"neow_bonus":"ONE_RARE_RELIC","is_prod":false,"is_daily":false,"rewards_skipped":[{"floor":11,"relics":[],"potions":["SteroidPotion"]},{"floor":18,"relics":[],"potions":["FocusPotion"]},{"floor":20,"relics":[],"potions":["Block Potion"]},{"floor":33,"relics":[],"potions":["SpeedPotion"]},{"floor":36,"relics":[],"potions":["Regen Potion"]},{"floor":39,"relics":[],"potions":["SkillPotion"]},{"floor":42,"relics":[],"potions":["ColorlessPotion"]},{"floor":46,"relics":[],"potions":["FairyPotion"]}],"chose_seed":false,"campfire_upgraded":8,"win_rate":0,"floor_exit_playtime":[46,77,84,111,117,125,175,192,195,277,309,354,358,399,402,516,530,581,585,619,651,744,746,808,811,818,829,885,890,896,946,957,1076,1087,1162,1245,1257,1263,1303,1311,1422,1558,1562,1692,1706,1814,1911,1995,1997,2132,2360,2371,2382,2398,2632,2928],"timestamp":1702495014,"blue_key_relic_skipped_log":{"floor":43,"relicID":"DataDisk"},"path_taken":["M","M","?","M","?","R","E","R","T","M","M","M","R","E","R","BOSS","M","?","M","$","M","R","M","R","T","R","M","R","?","E","R","BOSS","M","?","$","?","M","R","M","E","T","E","R","M","?","E","R","BOSS","BOSS","R","$","E","BOSS"],"build_version":"2022-12-18","purchased_purges":3,"victory":true,"max_hp_per_floor":[64,64,64,64,64,64,64,64,64,64,64,64,64,64,64,64,64,64,69,69,69,69,69,69,69,69,69,69,69,69,69,69,69,69,69,69,69,69,69,69,69,69,69,69,69,69,69,69,69,69,69,69,69,69,69,69],"relic_stats":{"Happy Flower":[15],"counters":[29,165],"Dead Branch":[69],"Blue Candle":[4],"Bottled Tornado":"Electrodynamics","Boot":[87],"MawBank":144,"Sozu":7,"OrangePellets":[24],"Centennial Puzzle":[33],"Emotion Chip":[56,21,32,3,0],"Lizard Tail":0,"Prayer Wheel":16,"obtain_stats":[{"Happy Flower":48,"Dead Branch":42,"Blue Candle":44,"Bottled Tornado":26,"Boot":7,"MawBank":9,"Akabeko":14,"ClockworkSouvenir":54,"Sozu":17,"Runic Dome":34,"OrangePellets":37,"Centennial Puzzle":31,"Emotion Chip":36,"Lizard Tail":55,"DollysMirror":21,"Prayer Wheel":0,"Cracked Core":0},{"Happy Flower":25,"Dead Branch":21,"Blue Candle":22,"Bottled Tornado":13,"Boot":4,"MawBank":4,"Akabeko":8,"ClockworkSouvenir":27,"Sozu":9,"Runic Dome":16,"OrangePellets":18,"Centennial Puzzle":15,"Emotion Chip":18,"Lizard Tail":28,"DollysMirror":11,"Prayer Wheel":0,"Cracked Core":0},{"Happy Flower":119,"Dead Branch":97,"Blue Candle":104,"Bottled Tornado":56,"Boot":13,"MawBank":13,"Akabeko":27,"ClockworkSouvenir":138,"Sozu":37,"Runic Dome":75,"OrangePellets":83,"Centennial Puzzle":66,"Emotion Chip":83,"Lizard Tail":151,"DollysMirror":44,"Prayer Wheel":0,"Cracked Core":0}]},"card_choices":[{"not_picked":["Force Field","Turbo"],"picked":"Rip and Tear","floor":1},{"not_picked":["Barrage","Coolheaded"],"picked":"Hologram","floor":1},{"not_picked":["Fusion","Gash"],"picked":"Ball Lightning","floor":2},{"not_picked":["Lockon","Cold Snap"],"picked":"Genetic Algorithm","floor":2},{"not_picked":["Redo","Steam"],"picked":"Electrodynamics","floor":4},{"not_picked":["Barrage","Hologram"],"picked":"Ball Lightning","floor":4},{"not_picked":["Consume","Sunder"],"picked":"Capacitor","floor":7},{"not_picked":["Compile Driver","Rebound"],"picked":"Leap","floor":10},{"not_picked":["Gash","Streamline","Recycle"],"picked":"SKIP","floor":10},{"not_picked":["Gash","Leap"],"picked":"Biased Cognition","floor":11},{"not_picked":["Beam Cell","Doom and Gloom"],"picked":"Undo","floor":11},{"not_picked":["Barrage","Capacitor","Steam"],"picked":"SKIP","floor":12},{"not_picked":["Storm","Barrage","Double Energy"],"picked":"SKIP","floor":12},{"not_picked":["Recycle","Genetic Algorithm"],"picked":"Glacier","floor":14},{"not_picked":["Multi-Cast","Amplify"],"picked":"Biased Cognition","floor":16},{"not_picked":["Barrage","Melter"],"picked":"FTL+1","floor":18},{"not_picked":["Streamline","Capacitor"],"picked":"Cold Snap","floor":18},{"not_picked":["Gash","Ball Lightning"],"picked":"Chill","floor":20},{"not_picked":["Undo","Rebound"],"picked":"Defragment","floor":20},{"not_picked":["Barrage+1","BootSequence"],"picked":"Self Repair","floor":22},{"not_picked":["Tempest+1","Cold Snap","Streamline+1"],"picked":"SKIP","floor":22},{"not_picked":["Steam Power","Cold Snap","Melter"],"picked":"SKIP","floor":24},{"not_picked":["Barrage+1","FTL","Melter"],"picked":"SKIP","floor":24},{"not_picked":["Hologram","Blizzard"],"picked":"Aggregate","floor":28},{"not_picked":["Go for the Eyes","Stack","Steam"],"picked":"SKIP","floor":28},{"not_picked":["Ball Lightning","Turbo"],"picked":"Compile Driver","floor":31},{"not_picked":["Creative AI","Electrodynamics"],"picked":"Seek","floor":33},{"not_picked":["Leap+1","Streamline"],"picked":"Heatsinks","floor":35},{"not_picked":["Compile Driver","Sweeping Beam"],"picked":"Heatsinks","floor":35},{"not_picked":["Sweeping Beam+1","Steam","Go for the Eyes"],"picked":"SKIP","floor":36},{"not_picked":["Sweeping Beam","Stack"],"picked":"Skim","floor":39},{"not_picked":["Steam","Storm"],"picked":"Turbo","floor":39},{"not_picked":["Coolheaded","Compile Driver"],"picked":"Echo Form","floor":41},{"not_picked":["Conserve Battery","Gash","Steam"],"picked":"SKIP","floor":41},{"not_picked":["Compile Driver","Reinforced Body"],"picked":"Darkness","floor":42},{"not_picked":["Compile Driver","Rebound"],"picked":"Capacitor","floor":44},{"not_picked":["Redo+1","Turbo+1","Melter"],"picked":"SKIP","floor":46},{"not_picked":["Compile Driver","Gash","Creative AI"],"picked":"SKIP","floor":46},{"not_picked":["Static Discharge+1","Conserve Battery"],"picked":"Glacier+1","floor":47},{"not_picked":["Cold Snap+1","Hologram","Conserve Battery+1"],"picked":"SKIP","floor":47},{"not_picked":["Rainbow","Turbo"],"picked":"Buffer","floor":48},{"not_picked":["Hologram","Cold Snap","Scrape"],"picked":"SKIP","floor":55}],"player_experience":2389393,"relics_obtained":[{"floor":7,"key":"Boot"},{"floor":9,"key":"MawBank"},{"floor":14,"key":"Akabeko"},{"floor":26,"key":"Bottled Tornado"},{"floor":31,"key":"Centennial Puzzle"},{"floor":36,"key":"Emotion Chip"},{"floor":42,"key":"Dead Branch"},{"floor":44,"key":"Blue Candle"},{"floor":48,"key":"Happy Flower"},{"floor":55,"key":"Lizard Tail"}],"event_choices":[{"damage_healed":0,"gold_gain":0,"cards_transformed":["Strike_B"],"player_choice":"Change","damage_taken":0,"max_hp_gain":0,"max_hp_loss":0,"event_name":"Living Wall","floor":3,"gold_loss":0,"cards_obtained":["Hyperbeam"]},{"damage_healed":0,"gold_gain":75,"player_choice":"Gather Gold","damage_taken":11,"max_hp_gain":0,"max_hp_loss":0,"event_name":"World of Goop","floor":5,"gold_loss":0},{"damage_healed":0,"gold_gain":0,"player_choice":"Shed Blood","damage_taken":22,"max_hp_gain":5,"max_hp_loss":0,"event_name":"Forgotten Altar","floor":19,"gold_loss":0},{"cards_removed":["Strike_B"],"damage_healed":0,"gold_gain":0,"player_choice":"Purged","damage_taken":0,"max_hp_gain":0,"max_hp_loss":0,"event_name":"Purifier","floor":30,"gold_loss":0},{"damage_healed":0,"gold_gain":0,"player_choice":"Fight","damage_taken":0,"max_hp_gain":0,"max_hp_loss":0,"event_name":"Mysterious Sphere","floor":36,"gold_loss":0},{"damage_healed":0,"gold_gain":0,"player_choice":"Bought 0 Potions","damage_taken":0,"max_hp_gain":0,"max_hp_loss":0,"event_name":"The Woman in Blue","floor":38,"gold_loss":0}],"is_beta":false,"boss_relics":[{"not_picked":["Tiny House","Black Star"],"picked":"Sozu"},{"not_picked":["Velvet Choker","Cursed Key"],"picked":"Runic Dome"}],"items_purged_floors":[21,37,54],"is_endless":false,"potions_floor_spawned":[1,4,10,11,18,20,33,36,39,42,46],"ascension_level":20,"potion_discard_per_floor":[[],[],[],[],[],[],[],[],[],["Ancient Potion"],[],[],[],[],[],[],[],[],[],[],[],[],[],[],[],[],[],[],[],[],[],[],[],[],[],[],[],[],[],[],[],[],[],[],[],[],[],[],[],[],[],[],[],[],[],[],[]]}