{"neow_bonuses_skipped_log":["UPGRADE_CARD","ONE_RARE_RELIC","BOSS_RELIC"],"potions_obtained_entropic_brew":[[],[],[],[],[],[],[],[],[],[],[],[],[],[],[],[]],"neow_costs_skipped_log":["NONE","CURSE","NONE"],"gold_per_floor":[209,5,5,15,28,28,88,119,119,132,150,150,150,165,165,165],"floor_reached":16,"playtime":494,"items_purged":[],"score":204,"play_id":"ea31c986-9565-4371-927e-a5e60b62b62b","local_time":"20240603194659","score_breakdown":["Floors Climbed (16): 80","Enemies Slain (6): 12","Exordium Elites Killed (1): 10","Bosses Slain (0): 0","Ascension (20): 102"],"is_ascension_mode":true,"potions_obtained_alchemize":[[],[],[],[],[],[],[],[],[],[],[],[],[],[],[],[]],"campfire_choices":[{"data":"Sunder","floor":6,"key":"SMITH"},{"floor":12,"key":"REST"},{"data":"Electrodynamics","floor":15,"key":"SMITH"}],"lesson_learned_per_floor":[[],[],[],[],[],[],[],[],[],[],[],[],[],[],[],[]],"neow_cost":"NONE","improvable_cards":{},"seed_source_timestamp":1535808164267500,"shop_contents":[{"floor":2,"relics":["Mummified Hand","Cauldron"],"cards":["Compile Driver","Conserve Battery","Skim","Hello World","Panacea","Mayhem"],"potions":["Block Potion","SpeedPotion","Regen Potion"]}],"circlet_count":0,"master_deck":["AscendersBane","Strike_B","Strike_B","Strike_B","Defend_B","Defend_B","Defend_B","Defend_B","Zap","Dualcast","Ball Lightning","Doom and Gloom","Conserve Battery","Sunder+1","Turbo","Electrodynamics+1","Skim","Reinforced Body"],"potion_use_per_floor":[[],[],[],[],[],[],["Energy Potion"],[],[],[],[],[],[],[],[],["Swift Potion"]],"relics":["Cracked Core","Centennial Puzzle","Ornamental Fan","Molten Egg 2","Ancient Tea Set","Boot"],"potions_floor_usage":[7,16],"damage_taken":[{"damage":12,"enemies":"Jaw Worm","floor":1,"turns":4},{"damage":12,"enemies":"Small Slimes","floor":4,"turns":2},{"damage":0,"enemies":"Cultist","floor":5,"turns":3},{"damage":13,"enemies":"3 Sentries","floor":7,"turns":5},{"damage":5,"enemies":"3 Sentries","floor":8,"turns":3},{"damage":4,"enemies":"Red Slaver","floor":10,"turns":3},{"damage":3,"enemies":"Blue Slaver","floor":11,"turns":3},{"damage":1,"enemies":"Exordium Wildlife","floor":14,"turns":3},{"damage":29,"enemies":"Hexaghost","floor":16,"turns":8}],"seed_played":"-4226747241095114135","neow_bonus_log":{"cardsObtained":[],"cardsUpgraded":[],"cardsRemoved":[],"cardsTransformed":[],"relicsObtained":[],"maxHpGained":0,"goldGained":100,"damageTaken":0,"goldLost":0,"maxHpLost":0},"potions_obtained":[{"floor":4,"key":"Energy Potion"},{"floor":8,"key":"Fire Potion"},{"floor":10,"key":"Swift Potion"}],"is_trial":false,"path_per_floor":["M","$","?","M","M","R","?","E","T","M","M","R","?","M","R","B"],"character_chosen":"DEFECT","basemod:card_modifiers":[null,null,null,null,null,null,null,null,null,null,null,null,null,null,null,null,null,null],"items_purchased":["Doom and Gloom","Centennial Puzzle"],"campfire_rested":1,"item_purchase_floors":[2,2],"current_hp_per_floor":[52,52,45,33,33,33,20,15,15,11,8,29,29,28,28,0],"gold":165,"neow_bonus":"HUNDRED_GOLD","is_prod":false,"is_daily":false,"rewards_skipped":[{"floor":14,"relics":[],"potions":["Explosive Potion"]}],"chose_seed":false,"campfire_upgraded":2,"win_rate":0,"floor_exit_playtime":[52,66,75,101,130,136,202,250,254,282,318,321,336,391,406],"timestamp":1717458419,"path_taken":["M","$","?","M","M","R","?","E","T","M","M","R","?","M","R","BOSS"],"build_version":"2022-12-18","purchased_purges":0,"victory":false,"max_hp_per_floor":[71,71,71,71,71,71,71,71,71,71,71,71,71,71,71,71],"relic_stats":{"Centennial Puzzle":[21],"counters":[9,34],"Ornamental Fan":[12],"Ancient Tea Set":[4],"Boot":[0],"obtain_stats":[{"Centennial Puzzle":2,"Ornamental Fan":7,"Molten Egg 2":8,"Cracked Core":0,"Ancient Tea Set":9,"Boot":13},{"Centennial Puzzle":1,"Ornamental Fan":4,"Molten Egg 2":5,"Cracked Core":0,"Ancient Tea Set":5,"Boot":7},{"Centennial Puzzle":4,"Ornamental Fan":14,"Molten Egg 2":17,"Cracked Core":0,"Ancient Tea Set":17,"Boot":23}]},"card_choices":[{"not_picked":["Genetic Algorithm","Barrage"],"picked":"Ball Lightning","floor":1},{"not_picked":["Reprogram","Rebound"],"picked":"Conserve Battery","floor":4},{"not_picked":["Ball Lightning","Steam"],"picked":"Sunder","floor":5},{"not_picked":["Redo","Hello World","Conserve Battery"],"picked":"SKIP","floor":7},{"not_picked":["Streamline+1","Compile Driver+1"],"picked":"Turbo","floor":8},{"not_picked":["Coolheaded","Ball Lightning+1"],"picked":"Electrodynamics","floor":10},{"not_picked":["Turbo","Chill"],"picked":"Skim","floor":11},{"not_picked":["Fusion","Rip and Tear+1"],"picked":"Reinforced Body","floor":14}],"player_experience":2415531,"relics_obtained":[{"floor":7,"key":"Ornamental Fan"},{"floor":8,"key":"Molten Egg 2"},{"floor":9,"key":"Ancient Tea Set"},{"floor":13,"key":"Boot"}],"event_choices":[{"cards_removed":["Strike_B"],"damage_healed":0,"gold_gain":0,"player_choice":"Card Removal","damage_taken":7,"max_hp_gain":0,"max_hp_loss":0,"event_name":"Golden Wing","floor":3,"gold_loss":0},{"damage_healed":0,"gold_gain":0,"player_choice":"Searched \u00271\u0027 times","damage_taken":0,"max_hp_gain":0,"max_hp_loss":0,"event_name":"Dead Adventurer","floor":7,"gold_loss":0},{"damage_healed":0,"gold_gain":0,"player_choice":"Relic","damage_taken":0,"max_hp_gain":0,"max_hp_loss":0,"event_name":"Wheel of Change","floor":13,"gold_loss":0}],"is_beta":false,"boss_relics":[],"items_purged_floors":[],"is_endless":false,"potions_floor_spawned":[4,8,10,14],"killed_by":"Hexaghost","ascension_level":20,"potion_discard_per_floor":[[],[],[],[],[],[],[],[],[],[],[],[],[],[],[],[]]}