{"neow_bonuses_skipped_log":["TRANSFORM_CARD","THREE_ENEMY_KILL","BOSS_RELIC"],"neow_costs_skipped_log":["NONE","NONE","NONE"],"potions_obtained_entropic_brew":[[],[],[],[],[],[],[],[],[],[],[],[],[],[],[],[],[],[],[],[],[],[],[],[],[]],"gold_per_floor":[118,118,128,0,19,47,47,81,81,96,96,121,137,163,163,242,242,255,155,155,155,31,66,66,66],"floor_reached":25,"playtime":1116,"items_purged":["Shame","Strike_B"],"score":569,"play_id":"9d5e33fb-164c-40a0-a464-8802b6916957","local_time":"20240621023113","score_breakdown":["Floors Climbed (25): 125","Enemies Slain (6): 12","Exordium Elites Killed (4): 40","City Elites Killed (1): 20","Bosses Slain (1): 50","Well Fed: 25","Champion (1): 25","Ascension (20): 272"],"is_ascension_mode":true,"potions_obtained_alchemize":[[],[],[],[],[],[],[],[],[],[],[],[],[],[],[],[],[],[],[],[],[],[],[],[],[]],"campfire_choices":[{"data":"Static Discharge","floor":7.0,"key":"SMITH"},{"data":"Zap","floor":11.0,"key":"SMITH"},{"data":"Coolheaded","floor":15.0,"key":"SMITH"},{"floor":24,"key":"REST"}],"lesson_learned_per_floor":[[],[],[],[],[],[],[],[],[],[],[],[],[],[],[],[],[],[],[],[],[],[],[],[],[]],"neow_cost":"CURSE","improvable_cards":{},"seed_source_timestamp":768440123480500,"shop_contents":[{"floor":4,"relics":["Letter Opener","Darkstone Periapt","OrangePellets"],"cards":["Lockon","Scrape","Turbo","Coolheaded","Storm","Dark Shackles","Thinking Ahead"],"potions":["CultistPotion","Dexterity Potion"]},{"floor":22,"relics":["Question Card","InkBottle","DollysMirror"],"cards":["Streamline","Lockon","Undo","Redo","Storm","Jack Of All Trades","Magnetism"],"potions":["SpeedPotion","Dexterity Potion","SteroidPotion"]}],"circlet_count":0,"master_deck":["AscendersBane","Strike_B","Strike_B","Defend_B","Defend_B","Defend_B","Zap+1","Dualcast","Hello World","Static Discharge+1","Glacier","Self Repair","Melter","Skim","Coolheaded+1","Undo","Seek","Consume","Coolheaded","Sunder"],"special_seed":0,"potion_use_per_floor":[[],[],[],[],[],["PowerPotion"],[],[],[],[],[],["EssenceOfDarkness"],[],[],[],["Fire Potion"],[],[],["Dexterity Potion"],[],[],[],["SkillPotion"],[],[]],"relics":["Cracked Core","WingedGreaves","Ancient Tea Set","Mango","PreservedInsect","Happy Flower","The Courier","Inserter","Mummified Hand","Juzu Bracelet"],"potions_floor_usage":[19,23],"damage_taken":[{"damage":0.0,"enemies":"Cultist","floor":1.0,"turns":3.0},{"damage":3.0,"enemies":"2 Louse","floor":3.0,"turns":3.0},{"damage":1.0,"enemies":"Jaw Worm","floor":5.0,"turns":5.0},{"damage":6.0,"enemies":"Lagavulin","floor":6.0,"turns":8.0},{"damage":20.0,"enemies":"3 Sentries","floor":8.0,"turns":5.0},{"damage":15.0,"enemies":"Exordium Wildlife","floor":10.0,"turns":3.0},{"damage":3.0,"enemies":"Gremlin Nob","floor":12.0,"turns":3.0},{"damage":18.0,"enemies":"3 Louse","floor":13.0,"turns":5.0},{"damage":0.0,"enemies":"Lagavulin","floor":14.0,"turns":6.0},{"damage":16.0,"enemies":"The Guardian","floor":16.0,"turns":11.0},{"damage":0.0,"enemies":"Spheric Guardian","floor":18.0,"turns":2.0},{"damage":7,"enemies":"2 Thieves","floor":19,"turns":5},{"damage":32,"enemies":"Gremlin Leader","floor":23,"turns":5},{"damage":56,"enemies":"Slavers","floor":25,"turns":3}],"seed_played":"5394919279486957262","neow_bonus_log":{"cardsObtained":["Shame","Hello World","Static Discharge"],"cardsUpgraded":[],"cardsRemoved":[],"cardsTransformed":["Strike_B","Defend_B"],"relicsObtained":[],"maxHpGained":0,"goldGained":0,"damageTaken":0,"goldLost":0,"maxHpLost":0},"potions_obtained":[{"floor":8.0,"key":"EssenceOfDarkness"},{"floor":12.0,"key":"Strength Potion"},{"floor":14.0,"key":"Fire Potion"},{"floor":16.0,"key":"Dexterity Potion"}],"is_trial":false,"path_per_floor":["M","T","M","$","M","E","R","E","T","M","R","E","M","E","R","B",null,"M","M","?","T","$","E","R","E"],"character_chosen":"DEFECT","basemod:card_modifiers":[null,null,null,null,null,null,null,null,null,null,null,null,null,null,null,null,null,null,null,null],"items_purchased":["PowerPotion","SkillPotion"],"campfire_rested":1,"item_purchase_floors":[4,22],"current_hp_per_floor":[64,64,61,61,67,68,68,69,69,61,61,65,54,61,61,52,77,77,77,52,52,52,27,54,0],"gold":66,"neow_bonus":"TRANSFORM_TWO_CARDS","is_prod":false,"is_daily":false,"rewards_skipped":[],"chose_seed":false,"campfire_upgraded":3,"win_rate":0,"floor_exit_playtime":[41,45,78,92,145,262,268,325,328,409,421,462,527,599,605,736,763,783,873,877,880,909,1019,1028],"timestamp":1718951473,"path_taken":["M","?","?","$","M","E","R","E","T","M","R","E","M","E","R","BOSS","M","M","?","?","?","E","R","E"],"build_version":"2022-12-18","purchased_purges":2,"victory":false,"max_hp_per_floor":[71,71,71,71,71,71,71,85,85,85,85,85,85,85,85,85,85,85,85,90,90,90,90,90,90],"relic_stats":{"Inserter":[7],"Happy Flower":[12],"counters":[14,67],"Mummified Hand":[5],"WingedGreaves":2,"PreservedInsect":143,"The Courier":31,"Juzu Bracelet":0,"Ancient Tea Set":[8],"obtain_stats":[{"Inserter":17,"Happy Flower":12,"Mummified Hand":21,"Mango":8,"WingedGreaves":2,"PreservedInsect":9,"The Courier":14,"Juzu Bracelet":23,"Cracked Core":0,"Ancient Tea Set":6},{"Inserter":10,"Happy Flower":7,"Mummified Hand":12,"Mango":5,"WingedGreaves":1,"PreservedInsect":5,"The Courier":9,"Juzu Bracelet":13,"Cracked Core":0,"Ancient Tea Set":4},{"Inserter":52,"Happy Flower":30,"Mummified Hand":59,"Mango":24,"WingedGreaves":3,"PreservedInsect":24,"The Courier":41,"Juzu Bracelet":64,"Cracked Core":0,"Ancient Tea Set":19}]},"card_choices":[{"not_picked":["Cold Snap","Melter"],"picked":"Glacier","floor":1.0},{"not_picked":["Steam","Coolheaded"],"picked":"Self Repair","floor":3.0},{"not_picked":["Beam Cell","Turbo"],"picked":"Melter","floor":5.0},{"not_picked":["Tempest","Double Energy","Beam Cell"],"picked":"SKIP","floor":6.0},{"not_picked":["Barrage","Blizzard"],"picked":"Skim","floor":8.0},{"not_picked":["Heatsinks","Sweeping Beam","Aggregate"],"picked":"SKIP","floor":10.0},{"not_picked":["Steam","Barrage"],"picked":"Coolheaded","floor":12.0},{"not_picked":["Rip and Tear","Hello World","Thunder Strike"],"picked":"SKIP","floor":13.0},{"not_picked":["Meteor Strike","Steam Power"],"picked":"Undo","floor":14.0},{"not_picked":["Buffer","Hyperbeam"],"picked":"Seek","floor":16.0},{"not_picked":["Streamline","Heatsinks"],"picked":"Consume","floor":18.0},{"not_picked":["Lockon","Compile Driver"],"picked":"Coolheaded","floor":19},{"not_picked":["Auto Shields+1","Lockon"],"picked":"Sunder","floor":23}],"player_experience":2558162,"relics_obtained":[{"floor":2.0,"key":"WingedGreaves"},{"floor":6.0,"key":"Ancient Tea Set"},{"floor":8.0,"key":"Mango"},{"floor":9.0,"key":"PreservedInsect"},{"floor":12.0,"key":"Happy Flower"},{"floor":14.0,"key":"The Courier"},{"floor":21,"key":"Mummified Hand"},{"floor":23,"key":"Juzu Bracelet"}],"event_choices":[{"damage_healed":0,"gold_gain":0,"player_choice":"Shed Blood","damage_taken":30,"max_hp_gain":5,"max_hp_loss":0,"event_name":"Forgotten Altar","floor":20,"gold_loss":0}],"is_beta":false,"boss_relics":[{"not_picked":["Calling Bell","Busted Crown"],"picked":"Inserter"}],"items_purged_floors":[4,22],"is_endless":false,"potions_floor_spawned":[8,12,14,16],"killed_by":"Slavers","ascension_level":20,"potion_discard_per_floor":[[],[],[],[],[],[],[],[],[],[],[],[],[],[],[],[],[],[],[],[],[],[],[],[],[]]}