{"neow_bonuses_skipped_log":["THREE_ENEMY_KILL","TWENTY_PERCENT_HP_BONUS","BOSS_RELIC"],"neow_costs_skipped_log":["NONE","CURSE","NONE"],"potions_obtained_entropic_brew":[[],[],[],[],[],[],[],[],[],[],[],[],[],[]],"gold_per_floor":[109,69,84,98,113,113,113,146,172,172,12,22,38,38],"floor_reached":14,"playtime":474,"items_purged":["Strike_B"],"score":184,"play_id":"6ea28251-3ea7-45b7-998d-d2955222ddab","local_time":"20240829072556","score_breakdown":["Floors Climbed (14): 70","Enemies Slain (6): 12","Exordium Elites Killed (1): 10","Bosses Slain (0): 0","Ascension (20): 92"],"is_ascension_mode":true,"potions_obtained_alchemize":[[],[],[],[],[],[],[],[],[],[],[],[],[],[]],"campfire_choices":[{"data":"Darkness","floor":7,"key":"SMITH"},{"data":"Darkness","floor":10,"key":"SMITH"}],"lesson_learned_per_floor":[[],[],[],[],[],[],[],[],[],[],[],[],[],[]],"neow_cost":"NONE","improvable_cards":{"Genetic Algorithm":[3]},"seed_source_timestamp":390063098891300,"shop_contents":[{"floor":2,"relics":["Shuriken","Ancient Tea Set","ClockworkSouvenir"],"cards":["Melter","Conserve Battery","White Noise","Hello World","Mind Blast","Transmutation"],"potions":["ColorlessPotion","EssenceOfDarkness","ColorlessPotion"]},{"floor":11,"relics":["Dream Catcher","Toxic Egg 2","DollysMirror"],"cards":["Barrage","Lockon","Conserve Battery","Amplify","Trip","Thinking Ahead"],"potions":["ColorlessPotion","Dexterity Potion","FocusPotion"]}],"circlet_count":0,"master_deck":["AscendersBane","Strike_B+1","Strike_B","Defend_B","Defend_B","Defend_B","Defend_B","Zap","Dualcast","Thunder Strike+1","BootSequence","Doom and Gloom","Defragment","Darkness+1","Darkness+1","Capacitor","Chill","Genetic Algorithm"],"potion_use_per_floor":[[],[],[],[],[],[],[],["BlessingOfTheForge"],[],[],[],[],[],["ColorlessPotion"]],"relics":["Cracked Core","Whetstone","Oddly Smooth Stone"],"potions_floor_usage":[8,14],"damage_taken":[{"damage":4,"enemies":"Jaw Worm","floor":1,"turns":4},{"damage":0,"enemies":"Small Slimes","floor":3,"turns":3},{"damage":0,"enemies":"2 Louse","floor":4,"turns":2},{"damage":6,"enemies":"Blue Slaver","floor":5,"turns":4},{"damage":7,"enemies":"Lagavulin","floor":8,"turns":5},{"damage":6,"enemies":"Large Slime","floor":12,"turns":5},{"damage":7,"enemies":"3 Louse","floor":13,"turns":3},{"damage":43,"enemies":"Gremlin Nob","floor":14,"turns":3}],"seed_played":"1677706444074080621","neow_bonus_log":{"cardsObtained":["Thunder Strike"],"cardsUpgraded":[],"cardsRemoved":[],"cardsTransformed":[],"relicsObtained":[],"maxHpGained":0,"goldGained":0,"damageTaken":0,"goldLost":0,"maxHpLost":0},"potions_obtained":[{"floor":3,"key":"BlessingOfTheForge"},{"floor":4,"key":"SteroidPotion"},{"floor":12,"key":"ColorlessPotion"}],"is_trial":false,"path_per_floor":["M","$","M","M","M","?","R","E","T","R","$","M","M","E"],"character_chosen":"DEFECT","basemod:card_modifiers":[null,null,null,null,null,null,null,null,null,null,null,null,null,null,null,null,null,null],"items_purchased":["Doom and Gloom","Capacitor"],"campfire_rested":0,"item_purchase_floors":[2,11],"current_hp_per_floor":[60,60,60,60,54,47,47,40,40,40,40,34,27,0],"gold":38,"neow_bonus":"ONE_RANDOM_RARE_CARD","is_prod":false,"is_daily":false,"rewards_skipped":[{"floor":13,"relics":[],"potions":["Strength Potion"]}],"chose_seed":false,"campfire_upgraded":2,"win_rate":0,"floor_exit_playtime":[71,83,120,142,202,211,227,279,291,297,326,385,435],"timestamp":1724930756,"path_taken":["M","$","M","M","M","?","R","E","T","R","$","M","M","E"],"build_version":"2022-12-18","purchased_purges":1,"victory":false,"max_hp_per_floor":[71,71,71,71,71,71,71,71,71,71,71,71,71,71],"relic_stats":{"counters":[8,29],"Whetstone":["Strike_B","Thunder Strike"],"obtain_stats":[{"Oddly Smooth Stone":9,"Whetstone":8,"Cracked Core":0},{"Oddly Smooth Stone":5,"Whetstone":5,"Cracked Core":0},{"Oddly Smooth Stone":18,"Whetstone":18,"Cracked Core":0}]},"card_choices":[{"not_picked":["Coolheaded","Sweeping Beam"],"picked":"BootSequence","floor":1},{"not_picked":["Coolheaded","Gash","Streamline"],"picked":"SKIP","floor":3},{"not_picked":["Recycle","Reprogram"],"picked":"Defragment","floor":4},{"not_picked":["Hello World","Go for the Eyes"],"picked":"Darkness","floor":5},{"not_picked":["Turbo","Go for the Eyes"],"picked":"Darkness","floor":8},{"not_picked":["Defragment","Turbo"],"picked":"Chill","floor":12},{"not_picked":["Steam","Streamline"],"picked":"Genetic Algorithm","floor":13}],"player_experience":2684542,"relics_obtained":[{"floor":8,"key":"Whetstone"},{"floor":9,"key":"Oddly Smooth Stone"}],"event_choices":[{"cards_removed":["Strike_B"],"damage_healed":0,"gold_gain":0,"player_choice":"Card Removal","damage_taken":7,"max_hp_gain":0,"max_hp_loss":0,"event_name":"Golden Wing","floor":6,"gold_loss":0}],"is_beta":false,"boss_relics":[],"items_purged_floors":[11],"is_endless":false,"potions_floor_spawned":[3,4,12,13],"killed_by":"Gremlin Nob","ascension_level":20,"potion_discard_per_floor":[[],[],[],[],[],[],[],[],[],[],[],[],[],[]]}