{"neow_bonuses_skipped_log":["ONE_RANDOM_RARE_CARD","RANDOM_COLORLESS_2","BOSS_RELIC"],"potions_obtained_entropic_brew":[[],[],[],[],[],[],[],[],[],[],[],[],[],[],[],[],[],[],[],[],[],[],[],[],[],[],[],[],[],[],[],[],[]],"neow_costs_skipped_log":["NONE","CURSE","NONE"],"gold_per_floor":[119,35,53,53,128,128,162,172,252,75,75,75,94,123,123,201,201,211,136,155,55,55,55,66,82,82,96,96,96,127,141,141,141],"floor_reached":33,"playtime":1864,"items_purged":["Strike_B","Strike_B"],"score":550,"play_id":"cb78f831-2c72-42a2-bddf-2aa2bd8a2083","local_time":"20240917140526","score_breakdown":["Floors Climbed (33): 165","Enemies Slain (10): 20","Exordium Elites Killed (2): 20","City Elites Killed (1): 20","Bosses Slain (1): 50","Ascension (20): 275"],"is_ascension_mode":true,"potions_obtained_alchemize":[[],[],[],[],[],[],[],[],[],[],[],[],[],[],[],[],[],[],[],[],[],[],[],[],[],[],[],[],[],[],[],[],[]],"campfire_choices":[{"data":"Biased Cognition","floor":6,"key":"SMITH"},{"data":"Zap","floor":11,"key":"SMITH"},{"data":"Discovery","floor":15,"key":"SMITH"},{"data":"RitualDagger","floor":23,"key":"SMITH"},{"floor":28,"key":"REST"},{"floor":32,"key":"REST"}],"lesson_learned_per_floor":[[],[],[],[],[],[],[],[],[],[],[],[],[],[],[],[],[],[],[],[],[],[],[],[],[],[],[],[],[],[],[],[],[]],"neow_cost":"NONE","improvable_cards":{"RitualDagger+1":[40]},"seed_source_timestamp":462816017987600,"shop_contents":[{"floor":2,"relics":["Happy Flower","White Beast Statue","Orrery"],"cards":["Scrape","Consume","Darkness","Capacitor","Discovery","HandOfGreed"],"potions":["Ancient Potion","Regen Potion"]},{"floor":10,"relics":["Mercury Hourglass","Pear","Medical Kit"],"cards":["Melter","Scrape","Leap","Turbo","Hello World","Thinking Ahead"],"potions":["ColorlessPotion","SteroidPotion","Block Potion"]},{"floor":21,"relics":["Lizard Tail","Bottled Lightning","Runic Capacitor"],"cards":["Melter","Sweeping Beam","Hologram","Stack","Loop","PanicButton","Thinking Ahead"],"potions":["Swift Potion","Swift Potion","EssenceOfSteel"]}],"circlet_count":0,"master_deck":["AscendersBane","Defend_B","Defend_B","Defend_B","Zap+1","Dualcast","Conserve Battery","Cold Snap","Biased Cognition+1","White Noise","Discovery+1","Streamline","Electrodynamics","Hologram","Compile Driver","Compile Driver","RitualDagger+1","Turbo","Redo","BootSequence","FTL+1"],"potion_use_per_floor":[[],[],[],[],[],[],["FocusPotion"],[],[],[],[],[],[],["DistilledChaos"],[],["PowerPotion"],[],[],[],[],[],[],[],["EssenceOfSteel"],[],[],[],[],[],["LiquidBronze"],[],[],["ColorlessPotion"]],"relics":["Cracked Core","MealTicket","Juzu Bracelet","Ornamental Fan","InkBottle","Centennial Puzzle","Nuclear Battery","Symbiotic Virus","Bag of Marbles"],"potions_floor_usage":[7,14,16,24,30,33],"damage_taken":[{"damage":14,"enemies":"Small Slimes","floor":1,"turns":3},{"damage":0,"enemies":"Cultist","floor":3,"turns":3},{"damage":5,"enemies":"Lagavulin","floor":7,"turns":7},{"damage":2,"enemies":"Jaw Worm","floor":8,"turns":3},{"damage":8,"enemies":"3 Louse","floor":13,"turns":2},{"damage":11,"enemies":"3 Sentries","floor":14,"turns":5},{"damage":22,"enemies":"The Guardian","floor":16,"turns":11},{"damage":13,"enemies":"Shell Parasite","floor":18,"turns":3},{"damage":1,"enemies":"Spheric Guardian","floor":20,"turns":4},{"damage":15,"enemies":"Snake Plant","floor":24,"turns":2},{"damage":10,"enemies":"Centurion and Healer","floor":25,"turns":7},{"damage":2,"enemies":"Snecko","floor":27,"turns":6},{"damage":24,"enemies":"Book of Stabbing","floor":30,"turns":5},{"damage":12,"enemies":"Shelled Parasite and Fungi","floor":31,"turns":7},{"damage":33,"enemies":"Champ","floor":33,"turns":13}],"seed_played":"6717894649110342536","neow_bonus_log":{"cardsObtained":[],"cardsUpgraded":[],"cardsRemoved":[],"cardsTransformed":[],"relicsObtained":["MealTicket"],"maxHpGained":0,"goldGained":0,"damageTaken":0,"goldLost":0,"maxHpLost":0},"potions_obtained":[{"floor":7,"key":"LiquidBronze"},{"floor":8,"key":"EssenceOfSteel"},{"floor":13,"key":"DistilledChaos"},{"floor":14,"key":"PowerPotion"},{"floor":20,"key":"LiquidBronze"},{"floor":30,"key":"SpeedPotion"},{"floor":31,"key":"ColorlessPotion"}],"is_trial":false,"path_per_floor":["M","$","M","?","?","R","E","M","T","$","R","?","M","E","R","B",null,"M","?","M","$","?","R","M","M","T","M","R","?","E","M","R","B"],"character_chosen":"DEFECT","basemod:card_modifiers":[null,null,null,null,null,null,null,null,null,null,null,null,null,null,null,null,null,null,null,null,null],"items_purchased":["Cold Snap","FocusPotion","Discovery"],"campfire_rested":2,"item_purchase_floors":[2,2,10],"current_hp_per_floor":[50,65,65,47,36,36,31,29,29,44,44,44,36,25,25,3,54,41,41,40,55,49,49,34,24,24,22,43,43,19,7,28,0],"gold":141,"neow_bonus":"RANDOM_COMMON_RELIC","is_prod":false,"is_daily":false,"rewards_skipped":[],"chose_seed":false,"campfire_upgraded":4,"win_rate":0,"floor_exit_playtime":[145,157,184,189,199,205,269,309,311,343,357,361,401,511,515,721,733,805,821,915,937,950,956,1011,1160,1162,1275,1278,1284,1409,1583,1584],"timestamp":1726596326,"path_taken":["M","$","M","?","?","R","E","M","T","$","R","?","M","E","R","BOSS","M","?","M","$","?","R","M","M","T","M","R","?","E","M","R","BOSS"],"build_version":"2022-12-18","purchased_purges":2,"victory":false,"max_hp_per_floor":[71,71,71,71,71,71,71,71,71,71,71,71,71,71,71,71,71,71,71,71,71,71,71,71,71,71,71,71,71,71,71,71,71],"relic_stats":{"Centennial Puzzle":[27],"counters":[15,81],"Ornamental Fan":[68],"MealTicket":45,"Juzu Bracelet":1,"obtain_stats":[{"Centennial Puzzle":14,"Ornamental Fan":7,"MealTicket":0,"Juzu Bracelet":4,"Bag of Marbles":30,"Cracked Core":0,"Symbiotic Virus":26,"InkBottle":9,"Nuclear Battery":17},{"Centennial Puzzle":6,"Ornamental Fan":3,"MealTicket":0,"Juzu Bracelet":2,"Bag of Marbles":13,"Cracked Core":0,"Symbiotic Virus":11,"InkBottle":4,"Nuclear Battery":7},{"Centennial Puzzle":23,"Ornamental Fan":13,"MealTicket":0,"Juzu Bracelet":6,"Bag of Marbles":61,"Cracked Core":0,"Symbiotic Virus":50,"InkBottle":16,"Nuclear Battery":34}],"InkBottle":[30]},"card_choices":[{"not_picked":["Rebound","Leap"],"picked":"Conserve Battery","floor":1},{"not_picked":["Redo","Sweeping Beam"],"picked":"Biased Cognition","floor":3},{"not_picked":["Amplify","Fusion","Aggregate"],"picked":"SKIP","floor":7},{"not_picked":["Redo","Static Discharge"],"picked":"White Noise","floor":8},{"not_picked":["Barrage","Go for the Eyes"],"picked":"Streamline","floor":13},{"not_picked":["Beam Cell","Sweeping Beam","Turbo"],"picked":"SKIP","floor":14},{"not_picked":["Rainbow","Meteor Strike"],"picked":"Electrodynamics","floor":16},{"not_picked":["Barrage","Streamline+1"],"picked":"Hologram","floor":18},{"not_picked":["Cold Snap","Ball Lightning","Rebound+1"],"picked":"SKIP","floor":20},{"not_picked":["Compile Driver","Gash"],"picked":"Turbo","floor":24},{"not_picked":["Stack","Gash+1","Cold Snap"],"picked":"SKIP","floor":25},{"not_picked":["Steam Power","Go for the Eyes"],"picked":"Redo","floor":27},{"not_picked":["Machine Learning","Blizzard"],"picked":"BootSequence","floor":30},{"not_picked":["Doom and Gloom+1","Streamline"],"picked":"FTL+1","floor":31}],"player_experience":2708861,"relics_obtained":[{"floor":7,"key":"Ornamental Fan"},{"floor":9,"key":"InkBottle"},{"floor":14,"key":"Centennial Puzzle"},{"floor":26,"key":"Symbiotic Virus"},{"floor":30,"key":"Bag of Marbles"}],"event_choices":[{"damage_healed":0,"gold_gain":0,"player_choice":"Success","damage_taken":18,"relics_obtained":["Juzu Bracelet"],"max_hp_gain":0,"max_hp_loss":0,"event_name":"Scrap Ooze","floor":4,"gold_loss":0},{"damage_healed":0,"gold_gain":75,"player_choice":"Gather Gold","damage_taken":11,"max_hp_gain":0,"max_hp_loss":0,"event_name":"World of Goop","floor":5,"gold_loss":0},{"damage_healed":0,"gold_gain":0,"player_choice":"Searched \u00270\u0027 times","damage_taken":0,"max_hp_gain":0,"max_hp_loss":0,"event_name":"Dead Adventurer","floor":12,"gold_loss":0},{"damage_healed":0,"gold_gain":0,"cards_transformed":["Strike_B","Strike_B"],"player_choice":"Transformed Cards","damage_taken":0,"max_hp_gain":0,"max_hp_loss":0,"event_name":"Designer","floor":19,"gold_loss":75,"cards_obtained":["Compile Driver","Compile Driver"]},{"damage_healed":0,"gold_gain":0,"player_choice":"Joined the Cult","damage_taken":6,"max_hp_gain":0,"max_hp_loss":0,"event_name":"Nest","floor":22,"gold_loss":0,"cards_obtained":["RitualDagger"]},{"cards_removed":["Defend_B"],"damage_healed":0,"gold_gain":0,"player_choice":"Elegance","damage_taken":0,"max_hp_gain":0,"max_hp_loss":0,"event_name":"Back to Basics","floor":29,"gold_loss":0}],"is_beta":false,"boss_relics":[{"not_picked":["SlaversCollar","FrozenCore"],"picked":"Nuclear Battery"}],"items_purged_floors":[10,21],"is_endless":false,"potions_floor_spawned":[7,8,13,14,20,30,31],"killed_by":"Champ","ascension_level":20,"potion_discard_per_floor":[[],[],[],[],[],[],[],[],[],[],[],[],["LiquidBronze"],[],[],[],[],[],[],[],[],[],[],[],[],[],[],[],[],[],[],[],[]]}