{"neow_bonuses_skipped_log":["UPGRADE_CARD","REMOVE_TWO","BOSS_RELIC"],"neow_costs_skipped_log":["NONE","PERCENT_DAMAGE","NONE"],"potions_obtained_entropic_brew":[[],[],[],[],[],[],[],[],[],[],[],[],[],[],[],[],[],[],[],[],[],[],[],[],[],[],[],[],[]],"gold_per_floor":[213,230,248,14,64,64,75,101,101,24,39,39,67,77,77,151,151,163,163,173,173,40,40,53,83,107,107,124,124],"floor_reached":29,"playtime":1473,"items_purged":["Strike_B","Strike_B","Creative AI"],"score":710,"play_id":"ec2d5162-2654-4d7d-b6df-35f5bcd1df8c","local_time":"20241007211052","score_breakdown":["Floors Climbed (29): 145","Enemies Slain (10): 20","Exordium Elites Killed (2): 20","City Elites Killed (1): 20","Bosses Slain (1): 50","Champion (2): 50","Perfect (1): 50","Ascension (20): 355"],"is_ascension_mode":true,"potions_obtained_alchemize":[[],[],[],[],[],[],[],[],[],[],[],[],[],[],[],[],[],[],[],[],[],[],[],[],[],[],[],[],[]],"campfire_choices":[{"data":"Barrage","floor":6,"key":"SMITH"},{"floor":12,"key":"REST"},{"data":"Doom and Gloom","floor":15,"key":"SMITH"},{"data":"Turbo","floor":23,"key":"SMITH"},{"floor":27,"key":"REST"}],"lesson_learned_per_floor":[[],[],[],[],[],[],[],[],[],[],[],[],[],[],[],[],[],[],[],[],[],[],[],[],[],[],[],[],[]],"neow_cost":"NONE","improvable_cards":{},"seed_source_timestamp":68447690222200,"shop_contents":[{"floor":4,"relics":["Ornamental Fan","Bottled Flame"],"cards":["Sweeping Beam","Steam","Coolheaded","Loop","Flash of Steel","The Bomb"],"potions":["GamblersBrew","Dexterity Potion","Fire Potion"]},{"floor":10,"relics":["Question Card","Blue Candle","DollysMirror"],"cards":["Cold Snap","Hyperbeam","Steam","Double Energy","Hello World","Dark Shackles","Panache"],"potions":["SkillPotion","SkillPotion"]},{"floor":22,"relics":["Cables","Du-Vu Doll","TheAbacus"],"cards":["Lockon","FTL","Auto Shields","Hello World","Good Instincts","Master of Strategy"],"potions":["FearPotion","BlessingOfTheForge"]}],"circlet_count":0,"master_deck":["AscendersBane","Zap","Dualcast","Glacier","Barrage+1","Ball Lightning","Core Surge","Hologram","Doom and Gloom+1","Melter","Beam Cell","All For One","Amplify","Creative AI","Hello World","Auto Shields","Cold Snap","Turbo+1","Go for the Eyes","Coolheaded","Fission"],"potion_use_per_floor":[[],[],[],[],[],[],[],["AttackPotion"],[],[],["FocusPotion"],[],["Fire Potion"],[],[],[],[],[],[],["EssenceOfSteel"],[],[],[],[],["LiquidMemories"],[],[],[],["PowerPotion"]],"relics":["Cracked Core","Membership Card","Akabeko","Mercury Hourglass","Gremlin Horn","Pandora\u0027s Box","Sundial","Anchor"],"potions_floor_usage":[8,11,13,20,25,29],"damage_taken":[{"damage":1,"enemies":"Small Slimes","floor":1,"turns":3},{"damage":0,"enemies":"Cultist","floor":2,"turns":4},{"damage":6,"enemies":"2 Louse","floor":3,"turns":3},{"damage":19,"enemies":"Exordium Wildlife","floor":7,"turns":6},{"damage":0,"enemies":"Lagavulin","floor":8,"turns":6},{"damage":6,"enemies":"Large Slime","floor":11,"turns":4},{"damage":1,"enemies":"3 Sentries","floor":13,"turns":4},{"damage":0,"enemies":"Exordium Thugs","floor":14,"turns":3},{"damage":0,"enemies":"Slime Boss","floor":16,"turns":4},{"damage":0,"enemies":"Spheric Guardian","floor":18,"turns":1},{"damage":7,"enemies":"2 Thieves","floor":20,"turns":3},{"damage":24,"enemies":"Snake Plant","floor":24,"turns":2},{"damage":0,"enemies":"Gremlin Leader","floor":25,"turns":5},{"damage":4,"enemies":"Centurion and Healer","floor":28,"turns":5},{"damage":34,"enemies":"Book of Stabbing","floor":29,"turns":4}],"seed_played":"-5288402152558398300","neow_bonus_log":{"cardsObtained":[],"cardsUpgraded":[],"cardsRemoved":[],"cardsTransformed":[],"relicsObtained":[],"maxHpGained":0,"goldGained":100,"damageTaken":0,"goldLost":0,"maxHpLost":0},"potions_obtained":[{"floor":2,"key":"AttackPotion"},{"floor":3,"key":"Fire Potion"},{"floor":14,"key":"PotionOfCapacity"},{"floor":16,"key":"EssenceOfSteel"},{"floor":28,"key":"PowerPotion"}],"is_trial":false,"path_per_floor":["M","M","M","$","?","R","M","E","T","$","M","R","E","M","R","B",null,"M","?","M","?","$","R","M","E","T","R","M","E"],"character_chosen":"DEFECT","basemod:card_modifiers":[null,null,null,null,null,null,null,null,null,null,null,null,null,null,null,null,null,null,null,null,null],"items_purchased":["Membership Card","Core Surge","FocusPotion","Turbo","LiquidMemories"],"campfire_rested":2,"item_purchase_floors":[4,4,10,22,22],"current_hp_per_floor":[63,63,57,57,50,50,31,31,31,31,25,46,45,45,45,45,65,65,65,58,38,38,38,14,14,14,36,32,0],"gold":124,"neow_bonus":"HUNDRED_GOLD","is_prod":false,"is_daily":false,"rewards_skipped":[],"chose_seed":false,"campfire_upgraded":3,"win_rate":0,"floor_exit_playtime":[67,106,136,163,168,176,261,382,384,406,528,530,609,683,688,747,797,816,833,892,898,955,976,1026,1244,1246,1251,1362],"timestamp":1728349852,"path_taken":["M","M","M","$","?","R","M","E","T","?","M","R","E","M","R","BOSS","M","?","M","?","$","R","M","E","T","R","M","E"],"build_version":"2022-12-18","purchased_purges":3,"victory":false,"max_hp_per_floor":[71,71,71,71,71,71,71,71,71,71,71,71,71,71,71,71,71,71,71,71,76,76,76,76,76,76,76,76,76],"relic_stats":{"Gremlin Horn":[8,9],"counters":[15,57],"Sundial":[0],"Pandora\u0027s Box":["Melter","Beam Cell","All For One","Amplify","Creative AI","Hello World"],"Membership Card":283,"obtain_stats":[{"Anchor":26,"Gremlin Horn":13,"Sundial":25,"Pandora\u0027s Box":17,"Membership Card":4,"Cracked Core":0,"Akabeko":8,"Mercury Hourglass":9},{"Anchor":13,"Gremlin Horn":7,"Sundial":13,"Pandora\u0027s Box":9,"Membership Card":3,"Cracked Core":0,"Akabeko":5,"Mercury Hourglass":5},{"Anchor":48,"Gremlin Horn":30,"Sundial":48,"Pandora\u0027s Box":37,"Membership Card":10,"Cracked Core":0,"Akabeko":22,"Mercury Hourglass":22}],"Mercury Hourglass":[156]},"card_choices":[{"not_picked":["Beam Cell","Stack"],"picked":"Glacier","floor":1},{"not_picked":["Skim","Lockon"],"picked":"Barrage","floor":2},{"not_picked":["Beam Cell","Redo"],"picked":"Ball Lightning","floor":3},{"not_picked":["Sweeping Beam","Barrage"],"picked":"Hologram","floor":7},{"not_picked":["Gash","Leap","Multi-Cast"],"picked":"SKIP","floor":8},{"not_picked":["Steam Power","Beam Cell","Genetic Algorithm"],"picked":"SKIP","floor":11},{"not_picked":["Ball Lightning","Echo Form"],"picked":"Doom and Gloom","floor":13},{"not_picked":["Gash","Consume","Reprogram"],"picked":"SKIP","floor":14},{"not_picked":["All For One","Multi-Cast"],"picked":"Creative AI","floor":16},{"not_picked":["Steam Power","Cold Snap+1"],"picked":"Auto Shields","floor":18},{"not_picked":["Gash","Beam Cell"],"picked":"Cold Snap","floor":20},{"not_picked":["Sweeping Beam","Redo"],"picked":"Go for the Eyes","floor":24},{"not_picked":["Melter","Stack"],"picked":"Coolheaded","floor":25},{"not_picked":["Turbo","Gash"],"picked":"Fission","floor":28}],"player_experience":2749098,"relics_obtained":[{"floor":8,"key":"Akabeko"},{"floor":9,"key":"Mercury Hourglass"},{"floor":13,"key":"Gremlin Horn"},{"floor":25,"key":"Sundial"},{"floor":26,"key":"Anchor"}],"event_choices":[{"damage_healed":0,"gold_gain":50,"player_choice":"Touch","damage_taken":7,"max_hp_gain":0,"max_hp_loss":0,"event_name":"FaceTrader","floor":5,"gold_loss":0},{"damage_healed":0,"gold_gain":0,"player_choice":"Ignored","damage_taken":0,"max_hp_gain":0,"max_hp_loss":0,"event_name":"Cursed Tome","floor":19,"gold_loss":0},{"damage_healed":0,"gold_gain":0,"player_choice":"Shed Blood","damage_taken":25,"max_hp_gain":5,"max_hp_loss":0,"event_name":"Forgotten Altar","floor":21,"gold_loss":0}],"is_beta":false,"boss_relics":[{"not_picked":["Black Star","Cursed Key"],"picked":"Pandora\u0027s Box"}],"items_purged_floors":[4,10,22],"is_endless":false,"potions_floor_spawned":[2,3,14,16,28],"killed_by":"Book of Stabbing","ascension_level":20,"potion_discard_per_floor":[[],[],[],[],[],[],[],[],[],[],[],[],[],[],[],[],[],[],[],[],[],[],[],[],[],[],[],[],[]]}