{"neow_bonuses_skipped_log":["REMOVE_CARD","RANDOM_COLORLESS_2","BOSS_RELIC"],"neow_costs_skipped_log":["NONE","CURSE","NONE"],"potions_obtained_entropic_brew":[[],[],[],[],[],[],[],[],[],[],[],[],[],[],[],[],[],[],[],[],[],[],[],[]],"gold_per_floor":[210,220,238,290,9,9,39,39,39,64,14,38,58,79,79,159,159,184,207,132,141,165,165,165],"floor_reached":24,"playtime":1324,"items_purged":["Strike_B"],"score":416,"play_id":"6523217d-ae4e-46be-a808-a169edc6f3df","local_time":"20241022173039","score_breakdown":["Floors Climbed (24): 120","Enemies Slain (9): 18","Exordium Elites Killed (2): 20","City Elites Killed (0): 0","Bosses Slain (1): 50","Ascension (20): 208"],"is_ascension_mode":true,"potions_obtained_alchemize":[[],[],[],[],[],[],[],[],[],[],[],[],[],[],[],[],[],[],[],[],[],[],[],[]],"campfire_choices":[{"data":"Doom and Gloom","floor":6,"key":"SMITH"},{"floor":15,"key":"REST"},{"data":"Echo Form","floor":23,"key":"SMITH"}],"lesson_learned_per_floor":[[],[],[],[],[],[],[],[],[],[],[],[],[],[],[],[],[],[],[],[],[],[],[],[]],"neow_cost":"NONE","improvable_cards":{},"seed_source_timestamp":1008394768124000,"shop_contents":[{"floor":5,"relics":["Cables","Strange Spoon"],"cards":["Beam Cell","Coolheaded","Loop","Purity","Sadistic Nature"],"potions":["SpeedPotion","Fire Potion","DuplicationPotion"]},{"floor":11,"relics":["Happy Flower","Singing Bowl","Medical Kit"],"cards":["Meteor Strike","Ball Lightning","Recycle","Hologram","Capacitor","Swift Strike","Transmutation"],"potions":["Block Potion","Fire Potion","Dexterity Potion"]}],"circlet_count":0,"master_deck":["AscendersBane","Strike_B","Strike_B","Defend_B","Defend_B","Defend_B","Defend_B","Zap","Dualcast","Ball Lightning","Steam","Rebound","Doom and Gloom+1","Undo","Cold Snap","Redo","Compile Driver","Echo Form+1","Buffer","Hologram+1","Recycle","Glacier","Hologram"],"potion_use_per_floor":[[],[],[],[],[],[],["Explosive Potion"],[],[],[],[],[],["Fruit Juice"],[],[],["LiquidMemories"],[],["Fruit Juice"],["BlessingOfTheForge"],[],[],[],[],["Energy Potion"]],"relics":["Cracked Core","Pen Nib","DataDisk","White Beast Statue","CeramicFish","Smiling Mask","Inserter"],"potions_floor_usage":[7,13,16,18,19,24],"damage_taken":[{"damage":1,"enemies":"Cultist","floor":1,"turns":3},{"damage":2,"enemies":"Jaw Worm","floor":2,"turns":3},{"damage":7,"enemies":"Small Slimes","floor":3,"turns":3},{"damage":10,"enemies":"3 Sentries","floor":7,"turns":3},{"damage":11,"enemies":"Lagavulin","floor":10,"turns":5},{"damage":17,"enemies":"Exordium Thugs","floor":12,"turns":3},{"damage":8,"enemies":"2 Fungi Beasts","floor":13,"turns":3},{"damage":2,"enemies":"Blue Slaver","floor":14,"turns":3},{"damage":1,"enemies":"Slime Boss","floor":16,"turns":5},{"damage":23,"enemies":"Chosen","floor":18,"turns":7},{"damage":0,"enemies":"Spheric Guardian","floor":19,"turns":3},{"damage":0,"enemies":"Snake Plant","floor":22,"turns":10},{"damage":63,"enemies":"3 Cultists","floor":24,"turns":6}],"seed_played":"-7211888019341060747","neow_bonus_log":{"cardsObtained":[],"cardsUpgraded":[],"cardsRemoved":[],"cardsTransformed":[],"relicsObtained":[],"maxHpGained":0,"goldGained":100,"damageTaken":0,"goldLost":0,"maxHpLost":0},"potions_obtained":[{"floor":2,"key":"Explosive Potion"},{"floor":3,"key":"GamblersBrew"},{"floor":10,"key":"FocusPotion"},{"floor":12,"key":"Fruit Juice"},{"floor":13,"key":"LiquidMemories"},{"floor":16,"key":"Fruit Juice"},{"floor":18,"key":"BlessingOfTheForge"},{"floor":19,"key":"Energy Potion"}],"is_trial":false,"path_per_floor":["M","M","M","T","$","R","E","?","T","E","$","M","M","M","R","B",null,"M","M","?","?","M","R","M"],"character_chosen":"DEFECT","basemod:card_modifiers":[null,null,null,null,null,null,null,null,null,null,null,null,null,null,null,null,null,null,null,null,null,null,null],"items_purchased":["DataDisk","Doom and Gloom","Undo"],"campfire_rested":1,"item_purchase_floors":[5,5,5],"current_hp_per_floor":[63,61,54,54,54,54,44,44,44,33,33,16,13,11,33,32,65,47,47,47,47,47,47,0],"gold":165,"neow_bonus":"HUNDRED_GOLD","is_prod":false,"is_daily":false,"rewards_skipped":[{"floor":14,"relics":[],"potions":["FearPotion"]},{"floor":22,"relics":[],"potions":["DistilledChaos"]}],"chose_seed":false,"campfire_upgraded":2,"win_rate":0,"floor_exit_playtime":[59,87,110,113,168,174,304,308,314,372,396,453,494,520,523,629,650,725,794,801,814,1137,1191],"timestamp":1729632639,"path_taken":["M","M","M","?","$","R","E","?","T","E","?","M","?","M","R","BOSS","M","M","?","?","M","R","M"],"build_version":"2022-12-18","purchased_purges":1,"victory":false,"max_hp_per_floor":[71,71,71,71,71,71,71,71,71,71,71,71,76,76,76,76,76,81,81,81,81,81,81,81],"relic_stats":{"Inserter":[13],"counters":[13,57],"CeramicFish":72,"Pen Nib":[5],"Smiling Mask":25,"obtain_stats":[{"DataDisk":5,"Inserter":17,"CeramicFish":9,"Pen Nib":4,"Cracked Core":0,"Smiling Mask":10,"White Beast Statue":7},{"DataDisk":3,"Inserter":9,"CeramicFish":4,"Pen Nib":3,"Cracked Core":0,"Smiling Mask":5,"White Beast Statue":4},{"DataDisk":9,"Inserter":31,"CeramicFish":12,"Pen Nib":9,"Cracked Core":0,"Smiling Mask":17,"White Beast Statue":12}],"White Beast Statue":[0.0,0.024000000000000007,0.0,0.32800000000000007,0.0,0.5280000000000001,0.0,0.12000000000000002,0.0,0.0,0.0,3.41984]},"card_choices":[{"not_picked":["Go for the Eyes","FTL"],"picked":"Ball Lightning","floor":1},{"not_picked":["Storm","Force Field"],"picked":"Steam","floor":2},{"not_picked":["Coolheaded","Storm"],"picked":"Rebound","floor":3},{"not_picked":["BootSequence","Creative AI"],"picked":"Cold Snap","floor":7},{"not_picked":["Barrage","Conserve Battery","Leap"],"picked":"SKIP","floor":10},{"not_picked":["Gash","Darkness"],"picked":"Redo","floor":12},{"not_picked":["Sunder","Gash"],"picked":"Compile Driver","floor":13},{"not_picked":["Genetic Algorithm","Hello World"],"picked":"Echo Form","floor":14},{"not_picked":["Meteor Strike","Fission"],"picked":"Buffer","floor":16},{"not_picked":["White Noise","Rebound+1"],"picked":"Hologram+1","floor":18},{"not_picked":["Ball Lightning","Streamline"],"picked":"Recycle","floor":19},{"not_picked":["Doom and Gloom","Rebound","Cold Snap","Fusion","Chaos","Leap","Compile Driver","Gash","Reinforced Body","Conserve Battery","Beam Cell","Turbo","Steam Power","BootSequence","Redo","Streamline","Steam","Hologram","Go for the Eyes"],"picked":"Glacier","floor":21},{"not_picked":["Auto Shields","Recycle"],"picked":"Hologram","floor":22}],"player_experience":2773879,"relics_obtained":[{"floor":4,"key":"Pen Nib"},{"floor":7,"key":"White Beast Statue"},{"floor":9,"key":"CeramicFish"},{"floor":10,"key":"Smiling Mask"}],"event_choices":[{"damage_healed":0,"gold_gain":0,"player_choice":"Ignored","damage_taken":0,"max_hp_gain":0,"max_hp_loss":0,"event_name":"Liars Game","floor":8,"gold_loss":0},{"cards_removed":["Strike_B"],"damage_healed":0,"gold_gain":0,"player_choice":"Gave Gold","damage_taken":0,"max_hp_gain":0,"max_hp_loss":0,"event_name":"Beggar","floor":20,"gold_loss":75},{"damage_healed":0,"gold_gain":0,"player_choice":"Read","damage_taken":0,"max_hp_gain":0,"max_hp_loss":0,"event_name":"The Library","floor":21,"gold_loss":0,"cards_obtained":["Glacier"]}],"is_beta":false,"boss_relics":[{"not_picked":["Velvet Choker","Runic Dome"],"picked":"Inserter"}],"items_purged_floors":[11],"is_endless":false,"potions_floor_spawned":[2,3,10,12,13,14,16,18,19,22],"killed_by":"3 Cultists","ascension_level":20,"potion_discard_per_floor":[[],[],[],[],[],[],[],[],[],[],[],["GamblersBrew"],[],[],[],[],[],[],[],[],[],[],[],[]]}