{"neow_bonuses_skipped_log":["REMOVE_CARD","ONE_RARE_RELIC","BOSS_RELIC"],"neow_costs_skipped_log":["NONE","CURSE","NONE"],"potions_obtained_entropic_brew":[[],[],[],[],[],[],[],[],[],[],[],[],[],[],[],[],[],[],[],[],[],[],[],["EssenceOfDarkness","FearPotion","PotionOfCapacity"],[],[],[],[],[],[],[],[],[]],"gold_per_floor":[116,136,286,10,10,10,45,65,65,84,100,134,134,149,149,221,221,236,256,67,78,15,48,63,63,63,63,80,112,143,173,173,173],"floor_reached":33,"playtime":1956,"items_purged":["Doubt","Strike_B","Strike_B"],"score":634,"play_id":"78882208-ee49-458e-a208-2469da24730f","local_time":"20241019012955","score_breakdown":["Floors Climbed (33): 165","Enemies Slain (11): 22","Exordium Elites Killed (2): 20","City Elites Killed (3): 60","Bosses Slain (1): 50","Ascension (20): 317"],"is_ascension_mode":true,"potions_obtained_alchemize":[[],[],[],[],[],[],[],[],[],[],[],[],[],[],[],[],[],[],[],[],[],[],[],[],[],[],[],[],[],[],[],[],[]],"campfire_choices":[{"data":"Zap","floor":6,"key":"SMITH"},{"data":"Defragment","floor":13,"key":"SMITH"},{"data":"Rainbow","floor":15,"key":"SMITH"},{"data":"Seek","floor":25,"key":"SMITH"},{"data":"Coolheaded","floor":27,"key":"SMITH"},{"floor":32,"key":"REST"}],"lesson_learned_per_floor":[[],[],[],[],[],[],[],[],[],[],[],[],[],[],[],[],[],[],[],[],[],[],[],[],[],[],[],[],[],[],[],[],[]],"neow_cost":"NONE","improvable_cards":{},"seed_source_timestamp":690916898486100,"shop_contents":[{"floor":4,"relics":["Orichalcum","Gremlin Horn"],"cards":["Compile Driver","Rebound","White Noise","Hologram","Madness","Secret Technique"],"potions":["Ancient Potion","Swift Potion"]},{"floor":20,"relics":["Question Card","Eternal Feather"],"cards":["Sunder","Beam Cell","Steam","White Noise","Self Repair","PanicButton","Transmutation"],"potions":["Energy Potion","LiquidBronze"]},{"floor":22,"relics":["Turnip","Whetstone","Medical Kit"],"cards":["Sweeping Beam","Rip and Tear","Hologram","Redo","Static Discharge","Forethought","Mayhem"],"potions":["Block Potion","EssenceOfSteel","SneckoOil"]}],"circlet_count":0,"master_deck":["AscendersBane","Strike_B","Strike_B","Defend_B","Defend_B","Defend_B","Defend_B","Zap+1","Dualcast","Melter","Conserve Battery","Self Repair","Rainbow+1","Defragment+1","Coolheaded+1","Loop","Conserve Battery","Seek+1","Chill+1","Skim","Doom and Gloom+1","Compile Driver","Fusion","Hologram","White Noise"],"potion_use_per_floor":[[],[],[],[],[],[],["Strength Potion"],[],[],[],["BlessingOfTheForge"],[],[],[],[],[],[],["Swift Potion"],["ColorlessPotion"],[],[],[],[],["Regen Potion","EntropicBrew","EssenceOfDarkness"],[],[],[],[],["PotionOfCapacity"],[],["DuplicationPotion"],[],["PotionOfCapacity"]],"relics":["Cracked Core","Lantern","Membership Card","StrikeDummy","Potion Belt","InkBottle","Art of War","Nuclear Battery","ClockworkSouvenir","Omamori","Nunchaku","Symbiotic Virus","Red Mask","Mummified Hand"],"potions_floor_usage":[7,11,18,19,24,24,24,29,31,33],"damage_taken":[{"damage":7,"enemies":"Jaw Worm","floor":1,"turns":3},{"damage":0,"enemies":"Cultist","floor":2,"turns":3},{"damage":4,"enemies":"Gremlin Nob","floor":7,"turns":3},{"damage":1,"enemies":"2 Louse","floor":8,"turns":3},{"damage":0,"enemies":"2 Fungi Beasts","floor":10,"turns":3},{"damage":5,"enemies":"Gremlin Gang","floor":11,"turns":7},{"damage":11,"enemies":"3 Sentries","floor":12,"turns":6},{"damage":9,"enemies":"3 Louse","floor":14,"turns":3},{"damage":6,"enemies":"The Guardian","floor":16,"turns":10},{"damage":5,"enemies":"Shell Parasite","floor":18,"turns":6},{"damage":42,"enemies":"Chosen","floor":19,"turns":7},{"damage":0,"enemies":"Centurion and Healer","floor":21,"turns":9},{"damage":19,"enemies":"Gremlin Leader","floor":23,"turns":9},{"damage":20,"enemies":"Cultist and Chosen","floor":24,"turns":5},{"damage":0,"enemies":"Chosen and Byrds","floor":28,"turns":5},{"damage":4,"enemies":"Slavers","floor":29,"turns":5},{"damage":27,"enemies":"Masked Bandits","floor":30,"turns":4},{"damage":19,"enemies":"Gremlin Leader","floor":31,"turns":5},{"damage":31,"enemies":"Collector","floor":33,"turns":7}],"seed_played":"8038264109517830591","neow_bonus_log":{"cardsObtained":[],"cardsUpgraded":[],"cardsRemoved":[],"cardsTransformed":[],"relicsObtained":["Lantern"],"maxHpGained":0,"goldGained":0,"damageTaken":0,"goldLost":0,"maxHpLost":0},"potions_obtained":[{"floor":1,"key":"Weak Potion"},{"floor":7,"key":"BlessingOfTheForge"},{"floor":11,"key":"ColorlessPotion"},{"floor":12,"key":"Swift Potion"},{"floor":18,"key":"Regen Potion"},{"floor":21,"key":"PotionOfCapacity"},{"floor":30,"key":"DuplicationPotion"}],"is_trial":false,"path_per_floor":["M","M","?","$","?","R","E","M","T","M","M","E","R","M","R","B",null,"M","M","$","M","$","E","M","R","T","R","M","E","?","E","R","B"],"character_chosen":"DEFECT","basemod:card_modifiers":[null,null,null,null,null,null,null,null,null,null,null,null,null,null,null,null,null,null,null,null,null,null,null,null,null],"items_purchased":["Membership Card","Self Repair","Strength Potion","ClockworkSouvenir","EntropicBrew"],"campfire_rested":1,"item_purchase_floors":[4,4,4,20,20],"current_hp_per_floor":[57,57,57,57,57,57,60,66,66,71,71,67,67,65,65,66,70,71,36,36,43,43,31,30,30,30,30,37,40,20,8,29,0],"gold":173,"neow_bonus":"RANDOM_COMMON_RELIC","is_prod":false,"is_daily":false,"rewards_skipped":[],"chose_seed":false,"campfire_upgraded":5,"win_rate":0,"floor_exit_playtime":[50,77,82,119,123,132,163,193,197,229,329,417,422,494,498,623,642,747,845,875,1006,1019,1182,1288,1306,1309,1316,1430,1587,1690,1816,1819],"timestamp":1729315795,"path_taken":["M","M","?","$","?","R","E","M","T","M","?","E","R","M","R","BOSS","M","M","$","M","?","E","M","R","T","R","?","E","?","E","R","BOSS"],"build_version":"2022-12-18","purchased_purges":3,"victory":false,"max_hp_per_floor":[71,71,71,71,71,71,71,71,71,71,71,71,71,71,71,71,71,71,71,71,71,71,71,71,71,71,71,71,71,71,71,71,71],"relic_stats":{"Nunchaku":[3],"counters":[19,102],"Mummified Hand":[4],"Art of War":[28],"Omamori":0,"Membership Card":350,"obtain_stats":[{"Potion Belt":7,"Lantern":0,"Omamori":23,"Nuclear Battery":17,"ClockworkSouvenir":20,"Nunchaku":26,"Mummified Hand":31,"Art of War":12,"Red Mask":30,"Membership Card":4,"Cracked Core":0,"StrikeDummy":5,"Symbiotic Virus":29,"InkBottle":9},{"Potion Belt":3,"Lantern":0,"Omamori":13,"Nuclear Battery":9,"ClockworkSouvenir":11,"Nunchaku":14,"Mummified Hand":18,"Art of War":7,"Red Mask":17,"Membership Card":2,"Cracked Core":0,"StrikeDummy":2,"Symbiotic Virus":16,"InkBottle":4},{"Potion Belt":9,"Lantern":0,"Omamori":71,"Nuclear Battery":40,"ClockworkSouvenir":53,"Nunchaku":76,"Mummified Hand":95,"Art of War":28,"Red Mask":90,"Membership Card":6,"Cracked Core":0,"StrikeDummy":6,"Symbiotic Virus":86,"InkBottle":12}],"InkBottle":[35]},"card_choices":[{"not_picked":["Hologram","Go for the Eyes"],"picked":"Melter","floor":1},{"not_picked":["Aggregate","Steam"],"picked":"Conserve Battery","floor":2},{"not_picked":["Cold Snap","Steam"],"picked":"Rainbow","floor":7},{"not_picked":["Go for the Eyes","Stack"],"picked":"Defragment","floor":8},{"not_picked":["Beam Cell","Heatsinks","Gash"],"picked":"SKIP","floor":10},{"not_picked":["Self Repair","Sunder"],"picked":"Coolheaded","floor":11},{"not_picked":["Aggregate","Barrage"],"picked":"Loop","floor":12},{"not_picked":["Sweeping Beam","Ball Lightning"],"picked":"Conserve Battery","floor":14},{"not_picked":["Thunder Strike","All For One"],"picked":"Seek","floor":16},{"not_picked":["Leap","Cold Snap"],"picked":"Chill+1","floor":18},{"not_picked":["Reinforced Body","Sweeping Beam"],"picked":"Skim","floor":19},{"not_picked":["FTL","Force Field"],"picked":"Doom and Gloom+1","floor":21},{"not_picked":["Stack","Gash","Hyperbeam"],"picked":"SKIP","floor":23},{"not_picked":["Steam","Leap"],"picked":"Compile Driver","floor":24},{"not_picked":["Ball Lightning","Sweeping Beam"],"picked":"Fusion","floor":28},{"not_picked":["Self Repair","Leap","Beam Cell"],"picked":"SKIP","floor":29},{"not_picked":["Conserve Battery","Barrage"],"picked":"Hologram","floor":30},{"not_picked":["Coolheaded","Hyperbeam"],"picked":"White Noise","floor":31}],"player_experience":2763378,"relics_obtained":[{"floor":7,"key":"Potion Belt"},{"floor":9,"key":"InkBottle"},{"floor":12,"key":"Art of War"},{"floor":23,"key":"Omamori"},{"floor":26,"key":"Nunchaku"},{"floor":29,"key":"Symbiotic Virus"},{"floor":30,"key":"Red Mask"},{"floor":31,"key":"Mummified Hand"}],"event_choices":[{"damage_healed":0,"gold_gain":150,"player_choice":"AGREE","damage_taken":0,"max_hp_gain":0,"max_hp_loss":0,"event_name":"Liars Game","floor":3,"gold_loss":0,"cards_obtained":["Doubt"]},{"damage_healed":0,"gold_gain":0,"player_choice":"Gave Potion","damage_taken":0,"relics_obtained":["StrikeDummy"],"max_hp_gain":0,"max_hp_loss":0,"event_name":"WeMeetAgain","floor":5,"gold_loss":0},{"damage_healed":0,"gold_gain":0,"player_choice":"Fought Bandits","damage_taken":0,"max_hp_gain":0,"max_hp_loss":0,"event_name":"Masked Bandits","floor":30,"gold_loss":0}],"is_beta":false,"boss_relics":[{"not_picked":["Tiny House","Velvet Choker"],"picked":"Nuclear Battery"}],"items_purged_floors":[4,20,22],"is_endless":false,"potions_floor_spawned":[1,7,11,12,18,21,30],"killed_by":"Collector","ascension_level":20,"potion_discard_per_floor":[[],[],[],[],[],[],[],[],[],[],[],[],[],[],[],[],[],[],[],[],[],[],[],[],[],[],[],[],[],[],[],[],[]]}