{"neow_bonuses_skipped_log":["UPGRADE_CARD","ONE_RARE_RELIC","BOSS_RELIC"],"neow_costs_skipped_log":["NONE","TEN_PERCENT_HP_LOSS","NONE"],"potions_obtained_entropic_brew":[[],[],[],[],[],[],[],[],[],[],[],[],[],[],[],[]],"gold_per_floor":[218,229,229,98,118,151,151,151,151,151,170,183,203,203,203,203],"floor_reached":16,"playtime":584,"items_purged":[],"score":204,"play_id":"6b1a2afd-f524-4f7c-8938-7ca561f6817b","local_time":"20250222022541","score_breakdown":["Floors Climbed (16): 80","Enemies Slain (6): 12","Exordium Elites Killed (1): 10","Bosses Slain (0): 0","Ascension (20): 102"],"is_ascension_mode":true,"potions_obtained_alchemize":[[],[],[],[],[],[],[],[],[],[],[],[],[],[],[],[]],"campfire_choices":[{"floor":7,"key":"REST"},{"data":"Consume","floor":10,"key":"SMITH"},{"floor":15,"key":"REST"}],"lesson_learned_per_floor":[[],[],[],[],[],[],[],[],[],[],[],[],[],[],[],[]],"neow_cost":"NONE","improvable_cards":{},"seed_source_timestamp":853813088833700,"shop_contents":[{"floor":4,"relics":["Letter Opener","Meat on the Bone","HandDrill"],"cards":["Scrape","Skim","Auto Shields","Madness","Violence"],"potions":["Ancient Potion","EntropicBrew","FearPotion"]}],"circlet_count":0,"master_deck":["AscendersBane","Strike_B","Strike_B","Strike_B","Strike_B","Defend_B","Defend_B","Defend_B","Defend_B","Zap","Dualcast","Cold Snap","Electrodynamics","Ball Lightning","Capacitor","Hologram","Consume+1","Conserve Battery","Heatsinks","Seek"],"potion_use_per_floor":[[],[],[],[],[],[],[],[],[],[],[],[],[],[],[],["BlessingOfTheForge"]],"relics":["Cracked Core","Shuriken","Dream Catcher","Bottled Lightning"],"potions_floor_usage":[16],"damage_taken":[{"damage":7,"enemies":"Jaw Worm","floor":1,"turns":4},{"damage":4,"enemies":"Small Slimes","floor":2,"turns":4},{"damage":0,"enemies":"Cultist","floor":5,"turns":3},{"damage":16,"enemies":"Lagavulin","floor":6,"turns":7},{"damage":20,"enemies":"3 Louse","floor":11,"turns":2},{"damage":7,"enemies":"Blue Slaver","floor":12,"turns":3},{"damage":1,"enemies":"2 Fungi Beasts","floor":13,"turns":2},{"damage":33,"enemies":"The Guardian","floor":16,"turns":4}],"seed_played":"-564830325978728254","neow_bonus_log":{"cardsObtained":[],"cardsUpgraded":[],"cardsRemoved":[],"cardsTransformed":[],"relicsObtained":[],"maxHpGained":0,"goldGained":100,"damageTaken":0,"goldLost":0,"maxHpLost":0},"potions_obtained":[{"floor":2,"key":"Strength Potion"},{"floor":11,"key":"BlessingOfTheForge"},{"floor":13,"key":"CultistPotion"}],"is_trial":false,"path_per_floor":["M","M","?","$","M","E","R","?","T","R","M","M","M","?","R","B"],"character_chosen":"DEFECT","basemod:card_modifiers":[null,null,null,null,null,null,null,null,null,null,null,null,null,null,null,null,null,null,null,null],"items_purchased":["Electrodynamics","Ball Lightning"],"campfire_rested":2,"item_purchase_floors":[4,4],"current_hp_per_floor":[57,53,35,35,35,19,40,40,40,40,20,13,12,12,33,0],"gold":203,"neow_bonus":"HUNDRED_GOLD","is_prod":false,"is_daily":false,"rewards_skipped":[{"floor":14,"relics":[],"potions":["FearPotion","EssenceOfDarkness"]}],"chose_seed":false,"campfire_upgraded":1,"win_rate":0,"floor_exit_playtime":[69,128,136,180,234,334,370,375,395,410,436,469,514,520,527],"timestamp":1740209141,"path_taken":["M","M","?","$","M","E","R","?","T","R","?","M","M","?","R","BOSS"],"build_version":"2022-12-18","purchased_purges":0,"victory":false,"max_hp_per_floor":[71,71,71,71,71,71,71,71,71,71,71,71,71,71,71,71],"relic_stats":{"Dream Catcher":2,"counters":[8,29],"Shuriken":[0],"Bottled Lightning":"Consume","obtain_stats":[{"Dream Catcher":6,"Shuriken":3,"Bottled Lightning":9,"Cracked Core":0},{"Dream Catcher":4,"Shuriken":2,"Bottled Lightning":4,"Cracked Core":0},{"Dream Catcher":18,"Shuriken":8,"Bottled Lightning":18,"Cracked Core":0}]},"card_choices":[{"not_picked":["Steam","Beam Cell","Redo"],"picked":"SKIP","floor":1},{"not_picked":["Tempest","Leap"],"picked":"Cold Snap","floor":2},{"not_picked":["Beam Cell","Rainbow"],"picked":"Capacitor","floor":5},{"not_picked":["Go for the Eyes","Sweeping Beam"],"picked":"Hologram","floor":6},{"not_picked":["Sunder","Hologram"],"picked":"Consume","floor":7},{"not_picked":["White Noise","Rebound"],"picked":"Conserve Battery","floor":11},{"not_picked":["Double Energy","Cold Snap","Storm"],"picked":"SKIP","floor":12},{"not_picked":["Gash","Blizzard"],"picked":"Heatsinks","floor":13},{"not_picked":["Turbo","Gash"],"picked":"Seek","floor":15}],"player_experience":2813550,"relics_obtained":[{"floor":6,"key":"Dream Catcher"},{"floor":9,"key":"Bottled Lightning"}],"event_choices":[{"damage_healed":0,"gold_gain":0,"player_choice":"Success","damage_taken":18,"relics_obtained":["Shuriken"],"max_hp_gain":0,"max_hp_loss":0,"event_name":"Scrap Ooze","floor":3,"gold_loss":0},{"damage_healed":0,"gold_gain":0,"player_choice":"Searched \u00270\u0027 times","damage_taken":0,"max_hp_gain":0,"max_hp_loss":0,"event_name":"Dead Adventurer","floor":8,"gold_loss":0},{"damage_healed":0,"gold_gain":0,"player_choice":"Got Potions","damage_taken":0,"max_hp_gain":0,"max_hp_loss":0,"event_name":"Lab","floor":14,"gold_loss":0}],"is_beta":false,"boss_relics":[],"items_purged_floors":[],"is_endless":false,"potions_floor_spawned":[2,11,13],"killed_by":"The Guardian","ascension_level":20,"potion_discard_per_floor":[[],[],[],[],[],[],[],[],[],[],[],[],["Strength Potion"],[],[],[]]}