{"gold_per_floor":[115,127,146,101,112,112,139,139,164,164,164,175,193,193,193,312,312,331,85,109,109,132,132],"floor_reached":23,"playtime":959,"items_purged":[],"score":243,"play_id":"e3bb3f14-d419-465e-8235-337aeaa9dc63","local_time":"20210406005305","is_ascension_mode":false,"campfire_choices":[{"data":"Armaments","floor":6,"key":"SMITH"},{"data":"Searing Blow","floor":8,"key":"SMITH"},{"data":"Searing Blow+1","floor":10,"key":"SMITH"},{"floor":15,"key":"REST"}],"neow_cost":"NONE","seed_source_timestamp":1406888041594200,"circlet_count":0,"master_deck":["Strike_R","Strike_R","Strike_R","Strike_R","Defend_R","Defend_R","Defend_R","Defend_R","Clash","Thunderclap","Searing Blow+2","Armaments+1","Rampage","Demon Form","Double Tap+1","Clothesline+1","Demon Form+1","Spot Weakness","Apotheosis","Limit Break","Anger","Headbutt"],"relics":["Burning Blood","Ancient Tea Set","Anchor","Vajra","Golden Idol","Astrolabe"],"potions_floor_usage":[23,23],"damage_taken":[{"damage":8,"enemies":"2 Louse","floor":1,"turns":3},{"damage":1,"enemies":"Jaw Worm","floor":2,"turns":4},{"damage":1,"enemies":"Cultist","floor":3,"turns":3},{"damage":2,"enemies":"2 Fungi Beasts","floor":5,"turns":4},{"damage":39,"enemies":"Lagavulin","floor":7,"turns":7},{"damage":11,"enemies":"Large Slime","floor":12,"turns":4},{"damage":0,"enemies":"Exordium Wildlife","floor":13,"turns":2},{"damage":0,"enemies":"Slime Boss","floor":16,"turns":5},{"damage":15,"enemies":"2 Thieves","floor":18,"turns":3},{"damage":30,"enemies":"3 Byrds","floor":20,"turns":6},{"damage":31,"enemies":"Shelled Parasite and Fungi","floor":22,"turns":4},{"damage":33,"enemies":"Snake Plant","floor":23,"turns":4}],"seed_played":"-7208876565531190670","potions_obtained":[{"floor":2,"key":"EssenceOfSteel"},{"floor":3,"key":"EssenceOfSteel"},{"floor":12,"key":"Dexterity Potion"}],"is_trial":false,"path_per_floor":["M","M","M","$","M","R","E","R","T","R","?","M","M","?","R","B",null,"M","$","M","?","M","M"],"character_chosen":"IRONCLAD","items_purchased":["Armaments","Apotheosis","Limit Break"],"campfire_rested":1,"item_purchase_floors":[4,19,19],"current_hp_per_floor":[86,88,88,88,88,88,55,55,55,55,52,47,53,31,57,63,88,79,79,55,55,30,0],"gold":132,"neow_bonus":"TEN_PERCENT_HP_BONUS","is_prod":false,"is_daily":false,"chose_seed":false,"campfire_upgraded":3,"win_rate":0.0,"timestamp":1617684785,"path_taken":["M","M","M","$","M","R","E","R","T","R","?","M","M","?","R","BOSS","M","$","M","?","?","M"],"build_version":"2020-12-22","purchased_purges":0,"victory":false,"max_hp_per_floor":[88,88,88,88,88,88,88,88,88,88,88,88,88,88,88,88,88,88,88,88,88,88,88],"card_choices":[{"not_picked":["Heavy Blade","Flex"],"picked":"Clash","floor":1},{"not_picked":["Warcry","Twin Strike"],"picked":"Thunderclap","floor":2},{"not_picked":["Thunderclap","Dark Embrace"],"picked":"Searing Blow","floor":3},{"not_picked":["Iron Wave","Battle Trance"],"picked":"Rampage","floor":5},{"not_picked":["Headbutt","Iron Wave","Cleave"],"picked":"SKIP","floor":7},{"not_picked":["True Grit","Anger"],"picked":"Demon Form","floor":12},{"not_picked":["Clothesline","Uppercut"],"picked":"Pummel","floor":13},{"not_picked":["Pummel","Carnage"],"picked":"Spot Weakness","floor":18},{"not_picked":["Blood for Blood","Carnage"],"picked":"Anger","floor":20},{"not_picked":["Warcry","Cleave"],"picked":"Headbutt","floor":22}],"player_experience":20410,"relics_obtained":[{"floor":7,"key":"Ancient Tea Set"},{"floor":9,"key":"Anchor"}],"event_choices":[{"damage_healed":0,"gold_gain":0,"player_choice":"Success","damage_taken":3,"relics_obtained":["Vajra"],"max_hp_gain":0,"max_hp_loss":0,"event_name":"Scrap Ooze","floor":11,"gold_loss":0},{"damage_healed":0,"gold_gain":0,"player_choice":"Take Damage","damage_taken":22,"relics_obtained":["Golden Idol"],"max_hp_gain":0,"max_hp_loss":0,"event_name":"Golden Idol","floor":14,"gold_loss":0},{"damage_healed":0,"gold_gain":0,"player_choice":"Ignored","damage_taken":0,"max_hp_gain":0,"max_hp_loss":0,"event_name":"NoteForYourself","floor":21,"gold_loss":0}],"is_beta":false,"boss_relics":[{"not_picked":["Velvet Choker","Cursed Key"],"picked":"Astrolabe"}],"items_purged_floors":[],"is_endless":false,"potions_floor_spawned":[2,3,12,18],"killed_by":"Snake Plant","ascension_level":0}