{"gold_per_floor":[111,129,147,5,16,16,44,44,92,92,102,102,121,121,121,224,224,239,239,239,239,1,1,16,47,47,82,37,37,48,48],"floor_reached":31,"playtime":1234,"items_purged":[],"score":253,"play_id":"31a74a77-800b-476a-8335-b25f945043c9","local_time":"20210406003207","is_ascension_mode":false,"campfire_choices":[{"data":"Carnage","floor":6,"key":"SMITH"},{"data":"Infernal Blade","floor":10,"key":"SMITH"},{"data":"Iron Wave","floor":12,"key":"SMITH"},{"data":"Clash","floor":15,"key":"SMITH"},{"data":"Carnage","floor":23,"key":"SMITH"}],"neow_cost":"NONE","seed_source_timestamp":1405355890031000,"circlet_count":0,"master_deck":["Defend_R+1","Defend_R+1","Defend_R+1","Defend_R+1","Carnage+1","Infernal Blade+1","Cleave","Headbutt","Clash","Dramatic Entrance","Iron Wave+1","Clash+1","Spot Weakness","Rupture","Ghostly Armor","Demon Form","Anger+1","Headbutt","Carnage+1","Clash","Metallicize","Armaments","Shrug It Off","Inflame+1","Armaments+1","Second Wind+1"],"relics":["Burning Blood","White Beast Statue","Ancient Tea Set","Empty Cage","Juzu Bracelet","Red Mask","Toxic Egg 2","Bag of Marbles"],"potions_floor_usage":[13],"damage_taken":[{"damage":11,"enemies":"Jaw Worm","floor":1,"turns":2},{"damage":0,"enemies":"Cultist","floor":2,"turns":2},{"damage":2,"enemies":"2 Louse","floor":3,"turns":2},{"damage":16,"enemies":"Lots of Slimes","floor":5,"turns":3},{"damage":13,"enemies":"3 Sentries","floor":7,"turns":4},{"damage":10,"enemies":"Looter","floor":11,"turns":2},{"damage":0,"enemies":"Large Slime","floor":13,"turns":4},{"damage":47,"enemies":"The Guardian","floor":16,"turns":9},{"damage":0,"enemies":"Spheric Guardian","floor":18,"turns":3},{"damage":17,"enemies":"2 Thieves","floor":24,"turns":3},{"damage":27,"enemies":"Masked Bandits","floor":25,"turns":4},{"damage":47,"enemies":"Book of Stabbing","floor":27,"turns":5},{"damage":5,"enemies":"Snecko","floor":30,"turns":4},{"damage":11,"enemies":"3 Cultists","floor":31,"turns":4}],"seed_played":"4618348932542562987","potions_obtained":[{"floor":1,"key":"Strength Potion"},{"floor":2,"key":"Block Potion"},{"floor":11,"key":"BloodPotion"},{"floor":13,"key":"Regen Potion"}],"is_trial":false,"path_per_floor":["M","M","M","$","M","R","E","?","T","R","M","R","M","?","R","B",null,"M","$","?","?","$","R","M","?","T","E","$","?","M","M"],"character_chosen":"IRONCLAD","items_purchased":["Clash","Dramatic Entrance","Clash","Metallicize","Juzu Bracelet","Armaments+1"],"campfire_rested":0,"item_purchase_floors":[4,4,22,22,22,28],"current_hp_per_floor":[75,80,80,80,70,70,63,63,63,63,59,59,80,80,80,39,80,80,80,80,80,80,80,69,48,48,7,7,7,8,0],"gold":48,"neow_bonus":"THREE_CARDS","is_prod":false,"is_daily":false,"chose_seed":false,"campfire_upgraded":5,"win_rate":0.0,"timestamp":1617683527,"path_taken":["M","M","M","$","M","R","E","?","T","R","?","R","M","?","R","BOSS","M","?","?","?","$","R","M","?","T","E","$","?","M","M"],"build_version":"2020-12-22","purchased_purges":0,"victory":false,"max_hp_per_floor":[80,80,80,80,80,80,80,80,80,80,80,80,80,80,80,80,80,80,80,80,80,80,80,80,80,80,80,80,80,80,80],"card_choices":[{"not_picked":["Anger","Thunderclap"],"picked":"Carnage","floor":0},{"not_picked":["Flex","Clothesline"],"picked":"Infernal Blade","floor":1},{"not_picked":["Thunderclap","Power Through"],"picked":"Cleave","floor":2},{"not_picked":["Cleave","Rage"],"picked":"Headbutt","floor":3},{"not_picked":["Limit Break","Burning Pact"],"picked":"Iron Wave","floor":5},{"not_picked":["Rupture","Cleave"],"picked":"Clash","floor":7},{"not_picked":["Pommel Strike","Sword Boomerang"],"picked":"Rupture","floor":11},{"not_picked":["Headbutt","Pummel"],"picked":"Ghostly Armor","floor":13},{"not_picked":["Barricade","Double Tap"],"picked":"Demon Form","floor":16},{"not_picked":["Body Slam","Perfected Strike"],"picked":"Anger+1","floor":18},{"not_picked":["Headbutt","Cleave"],"picked":"Armaments","floor":24},{"not_picked":["Rupture","Sword Boomerang"],"picked":"Shrug It Off","floor":25},{"not_picked":["Rupture","Battle Trance+1"],"picked":"Inflame+1","floor":27},{"not_picked":["Clothesline","Dropkick"],"picked":"Second Wind+1","floor":30}],"player_experience":18896,"relics_obtained":[{"floor":7,"key":"White Beast Statue"},{"floor":9,"key":"Ancient Tea Set"},{"floor":25,"key":"Red Mask"},{"floor":26,"key":"Toxic Egg 2"},{"floor":27,"key":"Bag of Marbles"}],"event_choices":[{"damage_healed":0,"gold_gain":0,"cards_transformed":["Strike_R"],"player_choice":"Transformed","damage_taken":0,"max_hp_gain":0,"max_hp_loss":0,"event_name":"Transmorgrifier","floor":8,"gold_loss":0,"cards_obtained":["Spot Weakness"]},{"cards_removed":["Bash"],"damage_healed":0,"gold_gain":0,"player_choice":"Offered Basic","damage_taken":0,"max_hp_gain":0,"max_hp_loss":0,"event_name":"Bonfire Elementals","floor":14,"gold_loss":0},{"damage_healed":0,"gold_gain":0,"player_choice":"Ignored","damage_taken":0,"max_hp_gain":0,"max_hp_loss":0,"event_name":"Ghosts","floor":20,"gold_loss":0},{"damage_healed":0,"gold_gain":0,"cards_transformed":["Strike_R","Strike_R"],"player_choice":"Became Test Subject","damage_taken":0,"max_hp_gain":0,"max_hp_loss":0,"event_name":"Drug Dealer","floor":21,"gold_loss":0,"cards_obtained":["Headbutt","Carnage"]},{"damage_healed":0,"gold_gain":0,"player_choice":"Fought Bandits","damage_taken":0,"max_hp_gain":0,"max_hp_loss":0,"event_name":"Masked Bandits","floor":25,"gold_loss":0},{"damage_healed":0,"gold_gain":0,"player_choice":"Simplicity","damage_taken":0,"max_hp_gain":0,"max_hp_loss":0,"event_name":"Back to Basics","floor":29,"gold_loss":0,"cards_upgraded":["Defend_R","Defend_R","Defend_R","Defend_R"]}],"is_beta":false,"boss_relics":[{"not_picked":["Sozu","SacredBark"],"picked":"Empty Cage"}],"items_purged_floors":[],"is_endless":false,"potions_floor_spawned":[1,2,11,13,16,18,24,25,27,30],"killed_by":"3 Cultists","ascension_level":0}