{"gold_per_floor":[109,0,11,26,40,40,66,84,84,97,97,110,110,110,110,209,209,197,212,212,223,223],"floor_reached":22,"playtime":1147,"items_purged":["Strike_R"],"score":200,"play_id":"e9d29fa0-bd9b-4480-b2ef-934687231608","local_time":"20210406161336","is_ascension_mode":true,"campfire_choices":[{"data":"Armaments","floor":6,"key":"SMITH"},{"floor":15,"key":"REST"}],"neow_cost":"NONE","seed_source_timestamp":9485099290700,"circlet_count":0,"master_deck":["Strike_R","Strike_R","Strike_R","Strike_R","Defend_R","Defend_R","Defend_R","Defend_R","Bash","Metallicize","Clothesline","Rupture","Shockwave","Bloodletting","Armaments+1","Shrug It Off","Combust","Armaments+1","Hemokinesis","Feed","True Grit+1","Battle Trance+1","Bash","Barricade"],"relics":["Burning Blood","Boot","Bag of Preparation","Mark of Pain"],"potions_floor_usage":[5],"damage_taken":[{"damage":3,"enemies":"Cultist","floor":1,"turns":3},{"damage":5,"enemies":"Jaw Worm","floor":3,"turns":4},{"damage":8,"enemies":"2 Louse","floor":4,"turns":2},{"damage":23,"enemies":"Gremlin Gang","floor":5,"turns":5},{"damage":26,"enemies":"Gremlin Nob","floor":7,"turns":6},{"damage":8,"enemies":"Blue Slaver","floor":8,"turns":4},{"damage":4,"enemies":"3 Louse","floor":10,"turns":4},{"damage":10,"enemies":"Red Slaver","floor":12,"turns":6},{"damage":37,"enemies":"Hexaghost","floor":16,"turns":7},{"damage":16,"enemies":"2 Thieves","floor":18,"turns":4},{"damage":9,"enemies":"Chosen","floor":19,"turns":6},{"damage":30,"enemies":"Snecko","floor":21,"turns":7},{"damage":19,"enemies":"Snake Plant","floor":22,"turns":2}],"seed_played":"3088089503500581761","potions_obtained":[{"floor":3,"key":"Explosive Potion"},{"floor":5,"key":"AttackPotion"},{"floor":10,"key":"AttackPotion"},{"floor":12,"key":"PowerPotion"},{"floor":14,"key":"Strength Potion"},{"floor":16,"key":"BloodPotion"}],"is_trial":false,"path_per_floor":["M","$","M","M","M","R","E","M","T","M","?","M","$","?","R","B",null,"M","M","?","M","M"],"character_chosen":"IRONCLAD","items_purchased":["Rupture"],"campfire_rested":1,"item_purchase_floors":[2],"current_hp_per_floor":[80,80,80,78,61,61,41,39,39,41,41,37,37,37,61,30,80,74,71,71,47,28],"gold":223,"neow_bonus":"THREE_CARDS","is_prod":false,"is_daily":false,"chose_seed":false,"campfire_upgraded":1,"win_rate":0,"timestamp":1617740016,"path_taken":["M","$","M","M","?","R","E","M","T","M","?","?","$","?","R","BOSS","M","?","?","M","M"],"build_version":"2020-12-22","purchased_purges":1,"victory":false,"max_hp_per_floor":[80,80,80,80,80,80,80,80,80,80,80,80,80,80,80,80,80,84,84,84,84,84],"card_choices":[{"not_picked":["Anger","True Grit"],"picked":"Metallicize","floor":0},{"not_picked":["Perfected Strike","Pummel"],"picked":"Clothesline","floor":1},{"not_picked":["Power Through","Feel No Pain"],"picked":"Shockwave","floor":3},{"not_picked":["Dark Embrace","True Grit"],"picked":"Bloodletting","floor":4},{"not_picked":["Body Slam","Searing Blow"],"picked":"Armaments","floor":5},{"not_picked":["Entrench","Second Wind"],"picked":"Shrug It Off","floor":7},{"not_picked":["Fire Breathing","Seeing Red"],"picked":"Combust","floor":8},{"not_picked":["Pommel Strike","Berserk"],"picked":"Armaments","floor":10},{"not_picked":["Dual Wield","Warcry"],"picked":"Hemokinesis","floor":12},{"not_picked":["Immolate","Exhume"],"picked":"Feed","floor":16},{"not_picked":["Wild Strike","Ghostly Armor"],"picked":"True Grit+1","floor":18},{"not_picked":["Whirlwind","Cleave"],"picked":"Battle Trance+1","floor":19},{"not_picked":["Sword Boomerang","Wild Strike","Warcry"],"picked":"SKIP","floor":21}],"player_experience":34978,"relics_obtained":[{"floor":7,"key":"Boot"},{"floor":9,"key":"Bag of Preparation"}],"event_choices":[{"damage_healed":0,"gold_gain":0,"player_choice":"Upgraded","damage_taken":0,"max_hp_gain":0,"max_hp_loss":0,"event_name":"Upgrade Shrine","floor":11,"gold_loss":0,"cards_upgraded":["Armaments"]},{"damage_healed":0,"gold_gain":0,"player_choice":"Got Potions","damage_taken":0,"max_hp_gain":0,"max_hp_loss":0,"event_name":"Lab","floor":14,"gold_loss":0},{"damage_healed":0,"gold_gain":0,"player_choice":"2 cards matched","damage_taken":0,"max_hp_gain":0,"max_hp_loss":0,"event_name":"Match and Keep!","floor":20,"gold_loss":0,"cards_obtained":["Bash","Barricade"]}],"is_beta":false,"boss_relics":[{"not_picked":["SacredBark","Velvet Choker"],"picked":"Mark of Pain"}],"items_purged_floors":[2],"is_endless":false,"potions_floor_spawned":[3,5,10,12,16,21],"killed_by":"Snake Plant","ascension_level":1}