{"gold_per_floor":[112,126,126,126,145,186,207,207,253,12,32,75,75,75,75,75],"floor_reached":16,"playtime":527,"items_purged":[],"score":110,"play_id":"250fd737-2407-4f79-ad33-bc5f899fa0ba","local_time":"20210406020646","is_ascension_mode":false,"campfire_choices":[{"data":"Berserk","floor":8,"key":"SMITH"},{"data":"Headbutt","floor":13,"key":"SMITH"},{"floor":15,"key":"REST"}],"neow_cost":"NONE","seed_source_timestamp":1411741398039100,"circlet_count":0,"master_deck":["Strike_R","Strike_R","Strike_R","Strike_R+1","Strike_R","Defend_R","Defend_R","Defend_R","Defend_R","Bash+1","Metallicize","Spot Weakness+1","Headbutt+1","Berserk+1","Shrug It Off","Perfected Strike+1"],"relics":["Burning Blood","NeowsBlessing","Golden Idol","Meat on the Bone","Whetstone","Molten Egg 2","Potion Belt","Lantern"],"potions_floor_usage":[12,12,16],"damage_taken":[{"damage":0,"enemies":"Small Slimes","floor":1,"turns":1},{"damage":0,"enemies":"2 Louse","floor":2,"turns":1},{"damage":0,"enemies":"Jaw Worm","floor":5,"turns":1},{"damage":29,"enemies":"Gremlin Nob","floor":6,"turns":5},{"damage":19,"enemies":"Blue Slaver","floor":7,"turns":3},{"damage":27,"enemies":"Exordium Thugs","floor":11,"turns":5},{"damage":31,"enemies":"Lagavulin","floor":12,"turns":8},{"damage":45,"enemies":"Slime Boss","floor":16,"turns":10}],"seed_played":"7003532585334652468","potions_obtained":[{"floor":1,"key":"Regen Potion"},{"floor":6,"key":"Explosive Potion"},{"floor":11,"key":"BloodPotion"}],"is_trial":false,"path_per_floor":["M","M","?","?","M","E","M","R","T","$","M","E","R","?","R","B"],"character_chosen":"IRONCLAD","items_purchased":["Molten Egg 2"],"campfire_rested":1,"item_purchase_floors":[10],"current_hp_per_floor":[80,80,80,60,66,43,42,42,42,42,33,51,51,33,57,12],"gold":75,"neow_bonus":"THREE_ENEMY_KILL","is_prod":false,"is_daily":false,"chose_seed":false,"campfire_upgraded":2,"win_rate":0.0,"timestamp":1617689206,"path_taken":["M","M","?","?","M","E","M","R","T","$","M","E","R","?","R","BOSS"],"build_version":"2020-12-22","purchased_purges":0,"victory":false,"max_hp_per_floor":[80,80,80,80,80,80,80,80,80,80,80,80,80,80,80,80],"card_choices":[{"not_picked":["Battle Trance","Whirlwind"],"picked":"Metallicize","floor":1},{"not_picked":["Headbutt","Cleave"],"picked":"Spot Weakness","floor":2},{"not_picked":["Clothesline","Heavy Blade"],"picked":"Headbutt","floor":5},{"not_picked":["Dark Embrace","Flex"],"picked":"Berserk","floor":6},{"not_picked":["Anger","Whirlwind","Bloodletting"],"picked":"SKIP","floor":7},{"not_picked":["Perfected Strike+1","Thunderclap+1"],"picked":"Shrug It Off","floor":11},{"not_picked":["Flex","True Grit"],"picked":"Perfected Strike+1","floor":12}],"player_experience":25195,"relics_obtained":[{"floor":6,"key":"Meat on the Bone"},{"floor":9,"key":"Whetstone"},{"floor":12,"key":"Potion Belt"}],"event_choices":[{"damage_healed":0,"gold_gain":0,"player_choice":"Grow","damage_taken":0,"max_hp_gain":0,"max_hp_loss":0,"event_name":"Living Wall","floor":3,"gold_loss":0,"cards_upgraded":["Spot Weakness"]},{"damage_healed":0,"gold_gain":0,"player_choice":"Take Damage","damage_taken":20,"relics_obtained":["Golden Idol"],"max_hp_gain":0,"max_hp_loss":0,"event_name":"Golden Idol","floor":4,"gold_loss":0},{"damage_healed":0,"gold_gain":0,"player_choice":"Success","damage_taken":18,"relics_obtained":["Lantern"],"max_hp_gain":0,"max_hp_loss":0,"event_name":"Scrap Ooze","floor":14,"gold_loss":0}],"is_beta":false,"boss_relics":[],"items_purged_floors":[],"is_endless":false,"potions_floor_spawned":[1,6,11],"killed_by":"Slime Boss","ascension_level":0}