{"gold_per_floor":[117,8,25,25,45,80,80,106,133,148,98,98,114,124,124,225,275,292,310,31,65,83,83,112,112,136,136,148,164,164,0,0,0],"floor_reached":33,"playtime":1809,"items_purged":[],"score":327,"play_id":"e9eec8e8-0668-4419-af93-5239c0c57619","local_time":"20210406145758","is_ascension_mode":false,"campfire_choices":[{"data":"Iron Wave","floor":7,"key":"SMITH"},{"data":"Bloodletting","floor":12,"key":"SMITH"},{"data":"Warcry","floor":15,"key":"SMITH"},{"data":"Armaments","floor":23,"key":"SMITH"},{"data":"Discovery","floor":25,"key":"SMITH"},{"data":"Clash","floor":30,"key":"SMITH"},{"data":"Clash","floor":32,"key":"SMITH"}],"neow_cost":"NONE","seed_source_timestamp":4284390818699,"circlet_count":0,"master_deck":["Strike_R","Strike_R+1","Strike_R","Strike_R","Strike_R","Defend_R+1","Defend_R","Defend_R","Bash","Clash+1","Thunderclap","Dramatic Entrance+1","Pommel Strike","Iron Wave+1","Spot Weakness","Clash+1","Bloodletting+1","Clash","Warcry+1","Reaper","Hemokinesis","Armaments+1","Clothesline+1","Discovery+1","Metallicize","Warcry+1","Seeing Red","True Grit","Clash","Dual Wield","Dark Embrace"],"relics":["Burning Blood","PreservedInsect","Orichalcum","Toy Ornithopter","Tiny House","Omamori","Red Mask","Darkstone Periapt","Potion Belt","Membership Card"],"potions_floor_usage":[16,33],"damage_taken":[{"damage":2,"enemies":"Small Slimes","floor":1,"turns":3},{"damage":0,"enemies":"Cultist","floor":3,"turns":2},{"damage":5,"enemies":"Jaw Worm","floor":5,"turns":3},{"damage":18,"enemies":"3 Sentries","floor":6,"turns":5},{"damage":0,"enemies":"Gremlin Nob","floor":8,"turns":3},{"damage":0,"enemies":"Exordium Wildlife","floor":10,"turns":1},{"damage":0,"enemies":"3 Louse","floor":13,"turns":1},{"damage":3,"enemies":"Blue Slaver","floor":14,"turns":1},{"damage":42,"enemies":"The Guardian","floor":16,"turns":6},{"damage":6,"enemies":"Shell Parasite","floor":18,"turns":2},{"damage":8,"enemies":"Chosen","floor":19,"turns":2},{"damage":6,"enemies":"Masked Bandits","floor":21,"turns":3},{"damage":8,"enemies":"Centurion and Healer","floor":22,"turns":3},{"damage":29,"enemies":"Book of Stabbing","floor":24,"turns":4},{"damage":5,"enemies":"Cultist and Chosen","floor":28,"turns":4},{"damage":7,"enemies":"Sentry and Sphere","floor":29,"turns":3},{"damage":148,"enemies":"Collector","floor":33,"turns":7}],"seed_played":"-5305356671848403213","potions_obtained":[{"floor":3,"key":"ColorlessPotion"},{"floor":6,"key":"ColorlessPotion"},{"floor":13,"key":"Strength Potion"},{"floor":14,"key":"Block Potion"},{"floor":17,"key":"FairyPotion"},{"floor":19,"key":"BloodPotion"},{"floor":24,"key":"FearPotion"}],"is_trial":false,"path_per_floor":["M","$","M","?","M","E","R","E","T","M","?","R","M","M","R","B",null,"M","M","$","?","M","R","E","R","T","?","M","M","R","$","R","B"],"character_chosen":"IRONCLAD","items_purchased":["Thunderclap","Dramatic Entrance","Discovery","Omamori","Metallicize","Membership Card","Dark Embrace"],"campfire_rested":0,"item_purchase_floors":[2,2,20,20,20,31,31],"current_hp_per_floor":[80,80,80,80,80,68,68,74,74,80,80,80,80,80,80,49,85,85,83,83,85,83,83,68,68,68,68,69,68,68,68,68,0],"gold":0,"neow_bonus":"UPGRADE_CARD","is_prod":false,"is_daily":false,"chose_seed":false,"campfire_upgraded":7,"win_rate":0.0,"timestamp":1617735478,"path_taken":["M","$","M","?","M","E","R","E","T","?","?","R","M","M","R","BOSS","M","M","$","?","M","R","E","R","T","?","M","M","R","$","R","BOSS"],"build_version":"2020-12-22","purchased_purges":0,"victory":false,"max_hp_per_floor":[80,80,80,80,80,80,80,80,80,80,80,80,80,80,80,80,85,85,85,85,85,85,85,85,85,85,85,85,85,85,85,85,85],"card_choices":[{"not_picked":["Pommel Strike","Combust"],"picked":"Clash","floor":1},{"not_picked":["True Grit","Heavy Blade"],"picked":"Pommel Strike","floor":3},{"not_picked":["Clothesline","Wild Strike"],"picked":"Iron Wave","floor":5},{"not_picked":["Sever Soul","Headbutt"],"picked":"Spot Weakness","floor":6},{"not_picked":["Juggernaut","Blood for Blood"],"picked":"Clash","floor":8},{"not_picked":["Second Wind","Anger"],"picked":"Bloodletting","floor":10},{"not_picked":["Uppercut","Second Wind"],"picked":"Clash","floor":13},{"not_picked":["Combust","Battle Trance"],"picked":"Warcry","floor":14},{"not_picked":["Immolate","Limit Break"],"picked":"Reaper","floor":16},{"not_picked":["Sword Boomerang","Thunderclap"],"picked":"Hemokinesis","floor":17},{"not_picked":["Shrug It Off+1","Pummel+1"],"picked":"Armaments","floor":18},{"not_picked":["Sword Boomerang","Thunderclap"],"picked":"Clothesline+1","floor":19},{"not_picked":["Combust","Thunderclap"],"picked":"Warcry+1","floor":21},{"not_picked":["Hemokinesis","Battle Trance"],"picked":"Seeing Red","floor":22},{"not_picked":["Uppercut+1","Armaments"],"picked":"True Grit","floor":24},{"not_picked":["True Grit+1","Battle Trance"],"picked":"Clash","floor":28},{"not_picked":["Spot Weakness+1","Flex"],"picked":"Dual Wield","floor":29}],"player_experience":29969,"relics_obtained":[{"floor":6,"key":"PreservedInsect"},{"floor":8,"key":"Orichalcum"},{"floor":9,"key":"Toy Ornithopter"},{"floor":21,"key":"Red Mask"},{"floor":24,"key":"Darkstone Periapt"},{"floor":26,"key":"Potion Belt"}],"event_choices":[{"damage_healed":0,"gold_gain":0,"player_choice":"Forge","damage_taken":0,"max_hp_gain":0,"max_hp_loss":0,"event_name":"Accursed Blacksmith","floor":4,"gold_loss":0,"cards_upgraded":["Dramatic Entrance"]},{"cards_removed":["Defend_R"],"damage_healed":0,"gold_gain":0,"player_choice":"Card Removal","damage_taken":0,"max_hp_gain":0,"max_hp_loss":0,"event_name":"The Cleric","floor":11,"gold_loss":50},{"damage_healed":0,"gold_gain":0,"player_choice":"Fought Bandits","damage_taken":0,"max_hp_gain":0,"max_hp_loss":0,"event_name":"Masked Bandits","floor":21,"gold_loss":0},{"damage_healed":0,"gold_gain":0,"player_choice":"Ignored","damage_taken":0,"max_hp_gain":0,"max_hp_loss":0,"event_name":"Vampires","floor":27,"gold_loss":0}],"is_beta":false,"boss_relics":[{"not_picked":["Ectoplasm","Mark of Pain"],"picked":"Tiny House"}],"items_purged_floors":[],"is_endless":false,"potions_floor_spawned":[3,6,13,14,19,24],"killed_by":"Collector","ascension_level":0}