{"gold_per_floor":[109,124,124,124,49,49,80,92,92,117,136,147,219,252,252,252],"floor_reached":16,"playtime":727,"items_purged":["Strike_R"],"score":132,"play_id":"bef6a2a6-30e2-42a2-bf43-7de5bea56c33","local_time":"20210415003720","is_ascension_mode":true,"campfire_choices":[{"data":"Armaments","floor":6,"key":"SMITH"},{"data":"1","floor":15,"key":"LIFT"}],"neow_cost":"PERCENT_DAMAGE","seed_source_timestamp":501512778021500,"circlet_count":0,"master_deck":["Strike_R+1","Strike_R","Strike_R+1","Strike_R+1","Defend_R","Defend_R+1","Defend_R","Defend_R","Bash","Clash","Armaments+1","Shrug It Off","Burning Pact","Feed","Battle Trance"],"relics":["Burning Blood","Torii","StoneCalendar","Girya","Whetstone","Centennial Puzzle"],"potions_floor_usage":[12,14,14,16],"damage_taken":[{"damage":2,"enemies":"2 Louse","floor":1,"turns":3},{"damage":1,"enemies":"Jaw Worm","floor":2,"turns":3},{"damage":12,"enemies":"Lagavulin","floor":7,"turns":8},{"damage":1,"enemies":"Cultist","floor":8,"turns":4},{"damage":27,"enemies":"3 Sentries","floor":10,"turns":7},{"damage":4,"enemies":"Gremlin Gang","floor":11,"turns":6},{"damage":6,"enemies":"Looter","floor":12,"turns":2},{"damage":19,"enemies":"Gremlin Nob","floor":14,"turns":5},{"damage":50,"enemies":"Hexaghost","floor":16,"turns":14}],"seed_played":"-3619455247190123482","potions_obtained":[{"floor":2,"key":"DuplicationPotion"},{"floor":7,"key":"AttackPotion"},{"floor":10,"key":"ElixirPotion"},{"floor":11,"key":"Block Potion"},{"floor":12,"key":"EssenceOfSteel"}],"is_trial":false,"path_per_floor":["M","M","?","?","$","R","E","M","T","E","M","M","?","E","R","B"],"character_chosen":"IRONCLAD","items_purchased":[],"campfire_rested":0,"item_purchase_floors":[],"current_hp_per_floor":[60,65,49,75,75,75,69,74,74,53,55,58,58,45,45,0],"gold":252,"neow_bonus":"ONE_RARE_RELIC","is_prod":false,"is_daily":false,"chose_seed":false,"campfire_upgraded":1,"win_rate":0,"timestamp":1618461440,"path_taken":["M","M","?","?","$","R","E","M","T","E","M","M","?","E","R","BOSS"],"build_version":"2020-12-22","purchased_purges":1,"victory":false,"max_hp_per_floor":[80,80,80,80,80,80,80,80,80,80,80,83,83,83,83,83],"card_choices":[{"not_picked":["Iron Wave","Wild Strike"],"picked":"Clash","floor":1},{"not_picked":["Rampage","Ghostly Armor"],"picked":"Armaments","floor":2},{"not_picked":["Second Wind","Flame Barrier"],"picked":"Shrug It Off","floor":7},{"not_picked":["Clothesline","Havoc","Flame Barrier"],"picked":"SKIP","floor":8},{"not_picked":["Body Slam","Havoc"],"picked":"Burning Pact","floor":10},{"not_picked":["Infernal Blade","Clothesline"],"picked":"Feed","floor":11},{"not_picked":["Pommel Strike","Sword Boomerang"],"picked":"Battle Trance","floor":12},{"not_picked":["Havoc","Battle Trance","Sword Boomerang"],"picked":"SKIP","floor":14}],"player_experience":133619,"relics_obtained":[{"floor":7,"key":"StoneCalendar"},{"floor":9,"key":"Girya"},{"floor":10,"key":"Whetstone"},{"floor":14,"key":"Centennial Puzzle"}],"event_choices":[{"damage_healed":0,"gold_gain":0,"player_choice":"Entered Light","damage_taken":16,"max_hp_gain":0,"max_hp_loss":0,"event_name":"Shining Light","floor":3,"gold_loss":0,"cards_upgraded":["Strike_R","Defend_R"]},{"damage_healed":26,"gold_gain":0,"player_choice":"Banana","damage_taken":0,"max_hp_gain":0,"max_hp_loss":0,"event_name":"Big Fish","floor":4,"gold_loss":0},{"damage_healed":0,"gold_gain":72,"player_choice":"Gained Gold","damage_taken":0,"max_hp_gain":0,"max_hp_loss":0,"event_name":"Golden Wing","floor":13,"gold_loss":0}],"is_beta":false,"boss_relics":[],"items_purged_floors":[5],"is_endless":false,"potions_floor_spawned":[2,7,10,11,12],"killed_by":"Hexaghost","ascension_level":2}