{"gold_per_floor":[109,122,134,151,170,197,214,214],"floor_reached":8,"playtime":285,"items_purged":[],"score":65,"play_id":"ab6e62f4-6185-4711-89d9-a2349a914d1b","local_time":"20210420223353","is_ascension_mode":true,"campfire_choices":[],"neow_cost":"NONE","seed_source_timestamp":103497618659000,"circlet_count":0,"master_deck":["Strike_R","Strike_R","Strike_R","Strike_R","Strike_R","Defend_R","Defend_R","Defend_R","Defend_R","Bash","Clothesline","Clash","Sentinel","Power Through","Burning Pact","Demon Form","True Grit"],"relics":["Burning Blood","Dream Catcher"],"potions_floor_usage":[5,5,6],"damage_taken":[{"damage":6,"enemies":"Cultist","floor":1,"turns":3},{"damage":6,"enemies":"2 Louse","floor":2,"turns":2},{"damage":0,"enemies":"Small Slimes","floor":3,"turns":2},{"damage":4,"enemies":"2 Fungi Beasts","floor":4,"turns":4},{"damage":7,"enemies":"Red Slaver","floor":5,"turns":5},{"damage":18,"enemies":"Gremlin Nob","floor":6,"turns":5},{"damage":18,"enemies":"3 Louse","floor":7,"turns":5},{"damage":0,"enemies":"Lagavulin","floor":8,"turns":1}],"seed_played":"7708633018520084528","potions_obtained":[{"floor":2,"key":"Fire Potion"},{"floor":4,"key":"Ancient Potion"},{"floor":5,"key":"DistilledChaos"}],"is_trial":false,"path_per_floor":["M","M","M","M","M","E","M","E"],"character_chosen":"IRONCLAD","items_purchased":[],"campfire_rested":0,"item_purchase_floors":[],"current_hp_per_floor":[88,88,88,88,87,75,63,63],"gold":214,"neow_bonus":"TEN_PERCENT_HP_BONUS","is_prod":false,"is_daily":false,"chose_seed":false,"campfire_upgraded":0,"win_rate":0,"timestamp":1618972433,"path_taken":["M","?","M","M","M","E","M","E"],"build_version":"2020-12-22","purchased_purges":0,"victory":false,"max_hp_per_floor":[88,88,88,88,88,88,88,88],"card_choices":[{"not_picked":["Armaments","Flex"],"picked":"Clothesline","floor":1},{"not_picked":["Entrench","Heavy Blade"],"picked":"Clash","floor":2},{"not_picked":["Rage","Havoc"],"picked":"Sentinel","floor":3},{"not_picked":["Body Slam","Havoc"],"picked":"Power Through","floor":4},{"not_picked":["Anger","Sentinel"],"picked":"Burning Pact","floor":5},{"not_picked":["Entrench","Flex"],"picked":"Demon Form","floor":6},{"not_picked":["Bloodletting","Inflame"],"picked":"True Grit","floor":7}],"player_experience":168350,"relics_obtained":[{"floor":6,"key":"Dream Catcher"}],"event_choices":[],"is_beta":false,"boss_relics":[],"items_purged_floors":[],"is_endless":false,"potions_floor_spawned":[2,4,5],"killed_by":"Lagavulin","ascension_level":1}