{"gold_per_floor":[119,69,79,79,94,135,135,135],"floor_reached":8,"playtime":325,"items_purged":[],"score":64,"play_id":"5f460403-d65b-4a93-9ea5-0f64145307c2","local_time":"20210416223549","is_ascension_mode":true,"campfire_choices":[{"floor":7,"key":"REST"}],"neow_cost":"NONE","seed_source_timestamp":667422300461700,"circlet_count":0,"master_deck":["Strike_R","Strike_R","Strike_R","Strike_R","Defend_R","Defend_R","Defend_R","Defend_R","Bash","Bloodletting","Berserk","Cleave","Rampage"],"relics":["Burning Blood","Happy Flower","Golden Idol","Regal Pillow"],"potions_floor_usage":[6],"damage_taken":[{"damage":9,"enemies":"Jaw Worm","floor":1,"turns":4},{"damage":0,"enemies":"Small Slimes","floor":3,"turns":3},{"damage":10,"enemies":"2 Louse","floor":5,"turns":4},{"damage":46,"enemies":"Gremlin Nob","floor":6,"turns":5},{"damage":60,"enemies":"3 Sentries","floor":8,"turns":7}],"seed_played":"932058530036308929","potions_obtained":[{"floor":3,"key":"Strength Potion"},{"floor":5,"key":"Dexterity Potion"},{"floor":6,"key":"GamblersBrew"}],"is_trial":false,"path_per_floor":["M","?","M","?","M","E","R","E"],"character_chosen":"IRONCLAD","items_purchased":[],"campfire_rested":1,"item_purchase_floors":[],"current_hp_per_floor":[77,77,80,74,70,30,67,7],"gold":135,"neow_bonus":"RANDOM_COMMON_RELIC","is_prod":false,"is_daily":false,"chose_seed":false,"campfire_upgraded":0,"win_rate":0,"timestamp":1618626949,"path_taken":["M","?","M","?","?","E","R","E"],"build_version":"2020-12-22","purchased_purges":0,"victory":false,"max_hp_per_floor":[80,80,80,74,74,74,74,74],"card_choices":[{"not_picked":["Cleave","Anger"],"picked":"Bloodletting","floor":1},{"not_picked":["Pommel Strike","True Grit"],"picked":"Berserk","floor":3},{"not_picked":["Clothesline","Perfected Strike"],"picked":"Cleave","floor":5},{"not_picked":["Thunderclap","Evolve"],"picked":"Rampage","floor":6}],"player_experience":148659,"relics_obtained":[{"floor":6,"key":"Regal Pillow"}],"event_choices":[{"cards_removed":["Strike_R"],"damage_healed":0,"gold_gain":0,"player_choice":"Card Removal","damage_taken":0,"max_hp_gain":0,"max_hp_loss":0,"event_name":"The Cleric","floor":2,"gold_loss":50},{"damage_healed":0,"gold_gain":0,"player_choice":"Lose Max HP","damage_taken":0,"relics_obtained":["Golden Idol"],"max_hp_gain":0,"max_hp_loss":6,"event_name":"Golden Idol","floor":4,"gold_loss":0}],"is_beta":false,"boss_relics":[],"items_purged_floors":[],"is_endless":false,"potions_floor_spawned":[3,5,6],"killed_by":"3 Sentries","ascension_level":3}