{"gold_per_floor":[117,117,127,141,156,156,168,202,202,202,216,236,236,251,251,347,347,358,358,373,257,257,257,257],"floor_reached":24,"playtime":1406,"items_purged":["Defend_R"],"score":210,"play_id":"2c3de412-3f9a-4c96-926c-1f7ea6a05295","local_time":"20210413194417","is_ascension_mode":true,"campfire_choices":[{"data":"Rampage","floor":6,"key":"SMITH"},{"floor":10,"key":"RECALL"},{"floor":13,"key":"REST"},{"data":"Defend_R","floor":15,"key":"SMITH"},{"floor":23,"key":"REST"}],"neow_cost":"NONE","seed_source_timestamp":396849393565700,"circlet_count":0,"master_deck":["Strike_R","Strike_R","Strike_R","Strike_R","Defend_R","Defend_R","Defend_R+1","Bash","Shrug It Off","Rampage+1","Headbutt","Shrug It Off","Double Tap","Disarm+1","Dual Wield","Warcry"],"relics":["Burning Blood","Dream Catcher","FossilizedHelix"],"potions_floor_usage":[3,16,20],"damage_taken":[{"damage":6,"enemies":"2 Louse","floor":1,"turns":2},{"damage":1,"enemies":"Cultist","floor":3,"turns":3},{"damage":0,"enemies":"Small Slimes","floor":4,"turns":3},{"damage":14,"enemies":"Exordium Thugs","floor":5,"turns":4},{"damage":11,"enemies":"Blue Slaver","floor":7,"turns":3},{"damage":34,"enemies":"3 Sentries","floor":8,"turns":10},{"damage":6,"enemies":"3 Louse","floor":11,"turns":5},{"damage":15,"enemies":"Lots of Slimes","floor":12,"turns":7},{"damage":13,"enemies":"2 Fungi Beasts","floor":14,"turns":4},{"damage":19,"enemies":"Slime Boss","floor":16,"turns":15},{"damage":10,"enemies":"Chosen","floor":18,"turns":4},{"damage":27,"enemies":"2 Thieves","floor":20,"turns":4},{"damage":72,"enemies":"Gremlin Leader","floor":24,"turns":7}],"seed_played":"1079389117372288494","potions_obtained":[{"floor":1,"key":"Fruit Juice"},{"floor":5,"key":"AttackPotion"},{"floor":11,"key":"BlessingOfTheForge"},{"floor":14,"key":"DuplicationPotion"},{"floor":16,"key":"DistilledChaos"},{"floor":20,"key":"Ancient Potion"}],"is_trial":false,"path_per_floor":["M","?","M","M","M","R","M","E","T","R","M","M","R","M","R","B",null,"M","?","M","$","?","R","E"],"character_chosen":"IRONCLAD","items_purchased":["Dual Wield"],"campfire_rested":2,"item_purchase_floors":[21],"current_hp_per_floor":[80,72,82,85,77,77,72,44,44,44,44,35,60,53,53,40,85,81,81,60,60,44,69,0],"gold":257,"neow_bonus":"RANDOM_COMMON_RELIC","is_prod":false,"is_daily":false,"chose_seed":false,"campfire_upgraded":2,"win_rate":0,"timestamp":1618357457,"path_taken":["M","?","M","M","M","R","M","E","T","R","M","M","R","M","R","BOSS","M","?","M","$","?","R","E"],"build_version":"2020-12-22","purchased_purges":1,"victory":false,"max_hp_per_floor":[80,80,85,85,85,85,85,85,85,85,85,85,85,85,85,85,85,85,85,85,85,85,85,85],"card_choices":[{"not_picked":["Spot Weakness","Body Slam"],"picked":"Shrug It Off","floor":1},{"not_picked":["Infernal Blade","Body Slam","Cleave"],"picked":"SKIP","floor":3},{"not_picked":["Pommel Strike","Cleave"],"picked":"Rampage","floor":4},{"not_picked":["Anger","Pommel Strike","Flex"],"picked":"SKIP","floor":5},{"not_picked":["Sentinel","Wild Strike","Cleave"],"picked":"SKIP","floor":7},{"not_picked":["Searing Blow","Disarm","Offering"],"picked":"SKIP","floor":8},{"not_picked":["Cleave","Clash","Sever Soul"],"picked":"SKIP","floor":11},{"not_picked":["Iron Wave","Heavy Blade"],"picked":"Headbutt","floor":12},{"not_picked":["Pommel Strike","Disarm"],"picked":"Shrug It Off","floor":14},{"not_picked":["Juggernaut","Exhume"],"picked":"Double Tap","floor":16},{"not_picked":["Anger","Entrench"],"picked":"Disarm+1","floor":18},{"not_picked":["Spot Weakness","Thunderclap","Intimidate"],"picked":"SKIP","floor":20},{"not_picked":["Clothesline+1","Shrug It Off"],"picked":"Warcry","floor":23}],"player_experience":115586,"relics_obtained":[{"floor":8,"key":"FossilizedHelix"}],"event_choices":[{"damage_healed":0,"gold_gain":0,"player_choice":"Damaged","damage_taken":8,"max_hp_gain":0,"max_hp_loss":0,"event_name":"Wheel of Change","floor":2,"gold_loss":0},{"cards_removed":["Strike_R"],"damage_healed":0,"gold_gain":0,"player_choice":"Elegance","damage_taken":0,"max_hp_gain":0,"max_hp_loss":0,"event_name":"Back to Basics","floor":19,"gold_loss":0},{"damage_healed":0,"gold_gain":0,"player_choice":"Obtained Book","damage_taken":16,"max_hp_gain":0,"max_hp_loss":0,"event_name":"Cursed Tome","floor":22,"gold_loss":0}],"is_beta":false,"boss_relics":[{"not_picked":["Runic Pyramid","Calling Bell","Busted Crown"]}],"items_purged_floors":[21],"is_endless":false,"potions_floor_spawned":[1,5,11,14,16,20],"killed_by":"Gremlin Leader","ascension_level":1}