{"gold_per_floor":[112,112,125,136,153,153,171,171,221,221,235,261,261,277,277,277],"floor_reached":16,"playtime":654,"items_purged":[],"score":109,"play_id":"6ae03fd7-b7e1-4ddc-b48b-71358f5d80e9","local_time":"20210413202327","is_ascension_mode":true,"campfire_choices":[{"floor":6,"key":"REST"},{"data":"Shrug It Off","floor":8,"key":"SMITH"},{"data":"Defend_R","floor":10,"key":"SMITH"},{"floor":13,"key":"REST"},{"data":"Armaments","floor":15,"key":"SMITH"}],"neow_cost":"NONE","seed_source_timestamp":399952792221100,"circlet_count":0,"master_deck":["Strike_R","Strike_R","Strike_R","Strike_R","Strike_R","Defend_R","Defend_R","Defend_R","Defend_R+1","Bash","Pommel Strike+1","Flame Barrier","Shrug It Off+1","Battle Trance","Armaments+1"],"relics":["Burning Blood","Smiling Mask","Pear"],"potions_floor_usage":[16],"damage_taken":[{"damage":7,"enemies":"2 Louse","floor":1,"turns":3},{"damage":6,"enemies":"Cultist","floor":3,"turns":3},{"damage":10,"enemies":"Jaw Worm","floor":4,"turns":5},{"damage":48,"enemies":"Gremlin Gang","floor":5,"turns":8},{"damage":11,"enemies":"Large Slime","floor":7,"turns":6},{"damage":9,"enemies":"Lots of Slimes","floor":11,"turns":6},{"damage":42,"enemies":"Gremlin Nob","floor":12,"turns":6},{"damage":2,"enemies":"Blue Slaver","floor":14,"turns":4},{"damage":21,"enemies":"Slime Boss","floor":16,"turns":8}],"seed_played":"2909916482105030358","potions_obtained":[{"floor":0,"key":"Block Potion"},{"floor":0,"key":"PowerPotion"},{"floor":0,"key":"ElixirPotion"},{"floor":1,"key":"LiquidMemories"}],"is_trial":false,"path_per_floor":["M","?","M","M","M","R","M","R","T","R","M","E","R","M","R","B"],"character_chosen":"IRONCLAD","items_purchased":[],"campfire_rested":2,"item_purchase_floors":[],"current_hp_per_floor":[79,79,79,75,33,57,52,52,52,52,49,23,50,54,54,33],"gold":277,"neow_bonus":"THREE_SMALL_POTIONS","is_prod":false,"is_daily":false,"chose_seed":false,"campfire_upgraded":3,"win_rate":0,"timestamp":1618359807,"path_taken":["M","?","M","M","M","R","M","R","T","R","M","E","R","M","R","BOSS"],"build_version":"2020-12-22","purchased_purges":0,"victory":false,"max_hp_per_floor":[80,80,80,80,80,80,80,80,80,80,80,90,90,90,90,90],"card_choices":[{"not_picked":["Wild Strike","Spot Weakness"],"picked":"Pommel Strike","floor":1},{"not_picked":["Intimidate","Cleave"],"picked":"Flame Barrier","floor":3},{"not_picked":["Perfected Strike","Warcry"],"picked":"Shrug It Off","floor":4},{"not_picked":["Bloodletting","Wild Strike","Perfected Strike"],"picked":"SKIP","floor":5},{"not_picked":["Perfected Strike","Flex","Rupture"],"picked":"SKIP","floor":7},{"not_picked":["Armaments","Disarm"],"picked":"Battle Trance","floor":11},{"not_picked":["Warcry","Fire Breathing"],"picked":"Armaments","floor":12},{"not_picked":["Power Through","Pummel","Corruption"],"picked":"SKIP","floor":14}],"player_experience":118655,"relics_obtained":[{"floor":9,"key":"Smiling Mask"},{"floor":12,"key":"Pear"}],"event_choices":[{"damage_healed":0,"gold_gain":0,"player_choice":"Upgraded","damage_taken":0,"max_hp_gain":0,"max_hp_loss":0,"event_name":"Upgrade Shrine","floor":2,"gold_loss":0,"cards_upgraded":["Pommel Strike"]}],"is_beta":false,"boss_relics":[],"items_purged_floors":[],"is_endless":false,"potions_floor_spawned":[1,4,5,12],"killed_by":"Slime Boss","ascension_level":1}