{"gold_per_floor":[117,117,130,148,160,190,190,216,243,277,277,296,308,288,288,288],"floor_reached":16,"playtime":1048,"items_purged":[],"score":140,"play_id":"872dfef5-bb24-4bcc-b263-0b56f0db0eda","local_time":"20210417213300","is_ascension_mode":true,"campfire_choices":[{"floor":7,"key":"REST"},{"floor":15,"key":"REST"}],"neow_cost":"NONE","seed_source_timestamp":749330889728100,"circlet_count":0,"master_deck":["Strike_R","Strike_R","Strike_R","Strike_R","Strike_R","Defend_R","Defend_R","Defend_R","Bash","Madness","True Grit","Clothesline","Bloodletting","Thunderclap","Double Tap","True Grit","Havoc","Pummel"],"relics":["Burning Blood","Darkstone Periapt","Happy Flower","PreservedInsect","Tiny Chest"],"potions_floor_usage":[6,8,10,16,16],"damage_taken":[{"damage":4,"enemies":"Jaw Worm","floor":1,"turns":4},{"damage":5,"enemies":"2 Louse","floor":3,"turns":3},{"damage":6,"enemies":"Cultist","floor":4,"turns":3},{"damage":12,"enemies":"Looter","floor":5,"turns":3},{"damage":27,"enemies":"Gremlin Nob","floor":6,"turns":5},{"damage":37,"enemies":"3 Sentries","floor":8,"turns":8},{"damage":21,"enemies":"Lagavulin","floor":10,"turns":6},{"damage":17,"enemies":"Red Slaver","floor":12,"turns":5},{"damage":5,"enemies":"2 Fungi Beasts","floor":13,"turns":3},{"damage":41,"enemies":"Hexaghost","floor":16,"turns":9}],"seed_played":"-8003579162990589753","potions_obtained":[{"floor":1,"key":"DuplicationPotion"},{"floor":5,"key":"PowerPotion"},{"floor":6,"key":"SteroidPotion"},{"floor":12,"key":"Weak Potion"},{"floor":14,"key":"BlessingOfTheForge"}],"is_trial":false,"path_per_floor":["M","?","M","M","M","E","R","E","T","E","?","M","M","?","R","B"],"character_chosen":"IRONCLAD","items_purchased":[],"campfire_rested":2,"item_purchase_floors":[],"current_hp_per_floor":[80,73,74,74,68,47,71,40,40,25,25,14,15,15,39,0],"gold":288,"neow_bonus":"RANDOM_COLORLESS","is_prod":false,"is_daily":false,"chose_seed":false,"campfire_upgraded":0,"win_rate":0,"timestamp":1618709580,"path_taken":["M","?","M","M","M","E","R","E","T","E","?","M","M","?","R","BOSS"],"build_version":"2020-12-22","purchased_purges":0,"victory":false,"max_hp_per_floor":[80,80,80,80,80,80,80,80,80,80,80,80,80,80,80,80],"card_choices":[{"not_picked":["Trip","Dark Shackles"],"picked":"Madness","floor":0},{"not_picked":["Shrug It Off","Metallicize"],"picked":"True Grit","floor":1},{"not_picked":["Pommel Strike","Evolve"],"picked":"Clothesline","floor":3},{"not_picked":["Clothesline","Entrench"],"picked":"Bloodletting","floor":4},{"not_picked":["Shrug It Off","Sword Boomerang"],"picked":"Thunderclap","floor":5},{"not_picked":["Armaments","Thunderclap"],"picked":"Double Tap","floor":6},{"not_picked":["Clash","Clothesline"],"picked":"True Grit","floor":8},{"not_picked":["Metallicize","Anger"],"picked":"Havoc","floor":10},{"not_picked":["Rupture","Second Wind","Barricade"],"picked":"SKIP","floor":12},{"not_picked":["Iron Wave","Anger"],"picked":"Pummel","floor":13}],"player_experience":154278,"relics_obtained":[{"floor":6,"key":"Darkstone Periapt"},{"floor":8,"key":"Happy Flower"},{"floor":9,"key":"PreservedInsect"},{"floor":10,"key":"Tiny Chest"}],"event_choices":[{"cards_removed":["Defend_R"],"damage_healed":0,"gold_gain":0,"player_choice":"Card Removal","damage_taken":7,"max_hp_gain":0,"max_hp_loss":0,"event_name":"Golden Wing","floor":2,"gold_loss":0},{"damage_healed":0,"gold_gain":0,"player_choice":"Searched \u00270\u0027 times","damage_taken":0,"max_hp_gain":0,"max_hp_loss":0,"event_name":"Dead Adventurer","floor":11,"gold_loss":0},{"damage_healed":0,"gold_gain":0,"player_choice":"Bought 1 Potion","damage_taken":0,"max_hp_gain":0,"max_hp_loss":0,"event_name":"The Woman in Blue","floor":14,"gold_loss":0}],"is_beta":false,"boss_relics":[],"items_purged_floors":[],"is_endless":false,"potions_floor_spawned":[1,5,6,12],"killed_by":"Hexaghost","ascension_level":3}