{"gold_per_floor":[111,123,137,156,11,44,44,74,129,144,44,60,72,82,82,185,185,198,24,24,24,42,42],"floor_reached":23,"playtime":1059,"items_purged":["Strike_R","Strike_R","Strike_R"],"score":236,"play_id":"b139fb60-381d-4120-91cf-96643218e345","local_time":"20210416214034","is_ascension_mode":true,"campfire_choices":[{"floor":7,"key":"REST"},{"data":"Limit Break","floor":15,"key":"SMITH"}],"neow_cost":"PERCENT_DAMAGE","seed_source_timestamp":663372436138100,"circlet_count":0,"master_deck":["Strike_R","Defend_R","Defend_R","Defend_R","Bash","Limit Break+1","Clothesline","Headbutt","Heavy Blade","Headbutt","Spot Weakness","Shrug It Off","Double Tap","Heavy Blade","Cleave","Limit Break","Battle Trance","Feed","Warcry+1","Hemokinesis","Flex","Rage+1"],"relics":["Burning Blood","Orichalcum","Frozen Egg 2","Pen Nib","Black Star"],"potions_floor_usage":[6,8,16,23],"damage_taken":[{"damage":6,"enemies":"Cultist","floor":1,"turns":4},{"damage":12,"enemies":"Jaw Worm","floor":2,"turns":5},{"damage":7,"enemies":"Small Slimes","floor":3,"turns":3},{"damage":11,"enemies":"2 Fungi Beasts","floor":4,"turns":4},{"damage":40,"enemies":"3 Sentries","floor":6,"turns":7},{"damage":14,"enemies":"Gremlin Nob","floor":8,"turns":4},{"damage":1,"enemies":"Looter","floor":10,"turns":3},{"damage":12,"enemies":"Large Slime","floor":12,"turns":5},{"damage":7,"enemies":"Exordium Thugs","floor":13,"turns":3},{"damage":2,"enemies":"Blue Slaver","floor":14,"turns":2},{"damage":15,"enemies":"The Guardian","floor":16,"turns":7},{"damage":20,"enemies":"Shell Parasite","floor":18,"turns":5},{"damage":40,"enemies":"2 Thieves","floor":22,"turns":4},{"damage":24,"enemies":"Snecko","floor":23,"turns":6}],"seed_played":"2655402705962022801","potions_obtained":[{"floor":2,"key":"Swift Potion"},{"floor":3,"key":"Strength Potion"},{"floor":12,"key":"LiquidMemories"},{"floor":13,"key":"Weak Potion"},{"floor":14,"key":"Strength Potion"},{"floor":18,"key":"FairyPotion"}],"is_trial":false,"path_per_floor":["M","M","M","M","$","E","R","E","T","M","$","M","M","M","R","B",null,"M","$","?","?","M","M"],"character_chosen":"IRONCLAD","items_purchased":["Spot Weakness","Block Potion"],"campfire_rested":1,"item_purchase_floors":[5,19],"current_hp_per_floor":[56,50,49,44,44,10,34,26,26,31,31,25,24,28,28,19,80,66,66,66,66,35,11],"gold":42,"neow_bonus":"THREE_RARE_CARDS","is_prod":false,"is_daily":false,"chose_seed":false,"campfire_upgraded":1,"win_rate":0,"timestamp":1618623634,"path_taken":["M","M","M","M","?","E","R","E","T","?","$","?","M","M","R","BOSS","M","$","?","?","M","M"],"build_version":"2020-12-22","purchased_purges":3,"victory":false,"max_hp_per_floor":[80,80,80,80,80,80,80,80,80,80,80,80,80,80,80,80,80,80,80,80,80,83,83],"card_choices":[{"not_picked":["Double Tap","Corruption"],"picked":"Limit Break","floor":0},{"not_picked":["True Grit","Second Wind"],"picked":"Clothesline","floor":1},{"not_picked":["Power Through","Dark Embrace"],"picked":"Headbutt","floor":2},{"not_picked":["Body Slam","Shrug It Off"],"picked":"Heavy Blade","floor":3},{"not_picked":["Anger","Shockwave"],"picked":"Headbutt","floor":4},{"not_picked":["Seeing Red","Perfected Strike"],"picked":"Shrug It Off","floor":6},{"not_picked":["Sever Soul","Carnage"],"picked":"Double Tap","floor":8},{"not_picked":["Infernal Blade","Shrug It Off"],"picked":"Heavy Blade","floor":10},{"not_picked":["Twin Strike","Infernal Blade"],"picked":"Cleave","floor":12},{"not_picked":["Havoc","Pommel Strike"],"picked":"Limit Break","floor":13},{"not_picked":["Flex","Havoc"],"picked":"Battle Trance","floor":14},{"not_picked":["Juggernaut+1","Limit Break"],"picked":"Feed","floor":16},{"not_picked":["Flex","Pommel Strike"],"picked":"Warcry+1","floor":18},{"not_picked":["Spot Weakness","Havoc+1"],"picked":"Rage+1","floor":22}],"player_experience":144635,"relics_obtained":[{"floor":6,"key":"Orichalcum"},{"floor":8,"key":"Frozen Egg 2"},{"floor":9,"key":"Pen Nib"}],"event_choices":[{"damage_healed":0,"gold_gain":0,"player_choice":"Ignored","damage_taken":0,"max_hp_gain":0,"max_hp_loss":0,"event_name":"Ghosts","floor":20,"gold_loss":0},{"damage_healed":0,"gold_gain":0,"cards_transformed":["Strike_R","Defend_R"],"player_choice":"Became Test Subject","damage_taken":0,"max_hp_gain":0,"max_hp_loss":0,"event_name":"Drug Dealer","floor":21,"gold_loss":0,"cards_obtained":["Hemokinesis","Flex"]}],"is_beta":false,"boss_relics":[{"not_picked":["Sozu","Runic Dome"],"picked":"Black Star"}],"items_purged_floors":[5,11,19],"is_endless":false,"potions_floor_spawned":[2,3,12,13,14,18],"killed_by":"Snecko","ascension_level":3}