{"gold_per_floor":[111,125,125,140,155,190,190,44,44,55,71,71,104,122,122,217,217,230,242,18,35,50,50,76,3,3,3,3,20,20,39,39,138,138,158,158,177,192,192],"floor_reached":39,"playtime":2270,"items_purged":["Normality"],"score":480,"play_id":"c871c8e9-5df2-423f-be37-d37e254802e0","local_time":"20210417221106","is_ascension_mode":true,"campfire_choices":[{"data":"Whirlwind","floor":7,"key":"SMITH"},{"data":"Carnage","floor":15,"key":"SMITH"},{"floor":23,"key":"REST"},{"floor":28,"key":"REST"},{"data":"Havoc","floor":30,"key":"SMITH"},{"floor":32,"key":"REST"}],"neow_cost":"NONE","seed_source_timestamp":750393489729300,"circlet_count":0,"master_deck":["Strike_R","Strike_R","Strike_R","Strike_R+1","Strike_R","Defend_R","Defend_R","Defend_R","Defend_R+1","Bash","Rage","Uppercut","Whirlwind+1","Carnage+1","Warcry","Metallicize+1","Ghostly Armor","Havoc","Havoc+1","Berserk+1","Evolve+1","Spot Weakness","Battle Trance","Seeing Red+1","Carnage","Fire Breathing+1","Rage","Immolate","Feed","Inflame+1","Perfected Strike","Whirlwind+1"],"relics":["Cursed Key","Mercury Hourglass","Lantern","Frozen Egg 2","Sundial","Runic Cube","Bag of Marbles","SlaversCollar"],"potions_floor_usage":[6,6,6,13,18,21,29,33,33,33,37,38,38,39],"damage_taken":[{"damage":7,"enemies":"Jaw Worm","floor":1,"turns":4},{"damage":5,"enemies":"2 Louse","floor":2,"turns":3},{"damage":0,"enemies":"Small Slimes","floor":4,"turns":3},{"damage":0,"enemies":"3 Louse","floor":5,"turns":3},{"damage":1,"enemies":"Gremlin Nob","floor":6,"turns":3},{"damage":0,"enemies":"Gremlin Gang","floor":10,"turns":1},{"damage":7,"enemies":"Exordium Thugs","floor":11,"turns":3},{"damage":10,"enemies":"Lagavulin","floor":13,"turns":5},{"damage":0,"enemies":"Looter","floor":14,"turns":2},{"damage":21,"enemies":"Slime Boss","floor":16,"turns":9},{"damage":16,"enemies":"2 Thieves","floor":18,"turns":2},{"damage":2,"enemies":"3 Byrds","floor":19,"turns":4},{"damage":12,"enemies":"Centurion and Healer","floor":21,"turns":3},{"damage":19,"enemies":"Shelled Parasite and Fungi","floor":22,"turns":4},{"damage":15,"enemies":"Gremlin Leader","floor":24,"turns":5},{"damage":17,"enemies":"Snecko","floor":29,"turns":4},{"damage":0,"enemies":"Snake Plant","floor":31,"turns":1},{"damage":21,"enemies":"Automaton","floor":33,"turns":8},{"damage":10,"enemies":"3 Darklings","floor":35,"turns":3},{"damage":22,"enemies":"3 Shapes","floor":37,"turns":2},{"damage":53,"enemies":"Writhing Mass","floor":38,"turns":5},{"damage":11,"enemies":"Sphere and 2 Shapes","floor":39,"turns":2}],"seed_played":"5270439760986960313","potions_obtained":[{"floor":1,"key":"EntropicBrew"},{"floor":5,"key":"Block Potion"},{"floor":10,"key":"Regen Potion"},{"floor":16,"key":"Strength Potion"},{"floor":21,"key":"Swift Potion"},{"floor":22,"key":"Block Potion"},{"floor":29,"key":"Weak Potion"},{"floor":36,"key":"PowerPotion"},{"floor":36,"key":"Dexterity Potion"},{"floor":36,"key":"SpeedPotion"},{"floor":38,"key":"Fire Potion"}],"is_trial":false,"path_per_floor":["M","M","?","M","M","E","R","$","T","M","M","?","E","M","R","B",null,"M","M","$","M","M","R","E","$","T","?","R","M","R","M","R","B",null,"M","?","M","M","M"],"character_chosen":"IRONCLAD","items_purchased":["Lantern","Spot Weakness","DuplicationPotion","Fire Breathing+1"],"campfire_rested":3,"item_purchase_floors":[8,20,20,25],"current_hp_per_floor":[73,68,52,52,52,51,51,51,51,51,44,44,48,48,48,27,80,64,62,62,50,31,55,40,40,40,25,50,33,33,33,58,37,85,75,75,56,6,0],"gold":192,"neow_bonus":"BOSS_RELIC","is_prod":false,"is_daily":false,"chose_seed":false,"campfire_upgraded":3,"win_rate":0,"timestamp":1618711866,"path_taken":["M","M","?","M","M","E","R","$","T","M","M","?","E","M","R","BOSS","M","M","$","M","M","R","E","$","T","?","R","M","R","M","R","BOSS","M","?","M","M","M"],"build_version":"2020-12-22","purchased_purges":1,"victory":false,"max_hp_per_floor":[80,80,80,80,80,80,80,80,80,80,80,80,80,80,80,80,80,80,80,80,80,80,80,80,80,80,85,85,85,85,85,85,85,85,85,85,88,91,91],"card_choices":[{"not_picked":["Wild Strike","Anger"],"picked":"Rage","floor":1},{"not_picked":["Rupture","Spot Weakness"],"picked":"Uppercut","floor":2},{"not_picked":["Sword Boomerang","Thunderclap"],"picked":"Whirlwind","floor":4},{"not_picked":["Ghostly Armor","Whirlwind"],"picked":"Carnage","floor":5},{"not_picked":["Berserk","Dual Wield"],"picked":"Warcry","floor":6},{"not_picked":["Pommel Strike","Warcry"],"picked":"Metallicize+1","floor":10},{"not_picked":["True Grit","Cleave"],"picked":"Ghostly Armor","floor":11},{"not_picked":["Battle Trance","Clothesline"],"picked":"Havoc","floor":13},{"not_picked":["Iron Wave","Clash"],"picked":"Havoc","floor":14},{"not_picked":["Limit Break","Bludgeon"],"picked":"Berserk+1","floor":16},{"not_picked":["Havoc","Clash","Anger"],"picked":"SKIP","floor":18},{"not_picked":["Barricade+1","Body Slam"],"picked":"Evolve+1","floor":19},{"not_picked":["Sword Boomerang+1","Headbutt+1"],"picked":"Battle Trance","floor":21},{"not_picked":["Anger","Searing Blow"],"picked":"Seeing Red+1","floor":22},{"not_picked":["Perfected Strike","Clash+1"],"picked":"Carnage","floor":24},{"not_picked":["True Grit","Thunderclap+1"],"picked":"Rage","floor":29},{"not_picked":["Armaments","Disarm"],"picked":"Immolate","floor":31},{"not_picked":["Double Tap","Bludgeon"],"picked":"Feed","floor":33},{"not_picked":["Thunderclap+1","Twin Strike"],"picked":"Inflame+1","floor":35},{"not_picked":["Wild Strike","Body Slam+1"],"picked":"Perfected Strike","floor":37},{"not_picked":["Disarm+1","Clash"],"picked":"Whirlwind+1","floor":38}],"player_experience":155326,"relics_obtained":[{"floor":6,"key":"Mercury Hourglass"},{"floor":9,"key":"Frozen Egg 2"},{"floor":13,"key":"Sundial"},{"floor":24,"key":"Bag of Marbles"}],"event_choices":[{"damage_healed":0,"gold_gain":0,"player_choice":"Entered Light","damage_taken":16,"max_hp_gain":0,"max_hp_loss":0,"event_name":"Shining Light","floor":3,"gold_loss":0,"cards_upgraded":["Defend_R","Strike_R"]},{"damage_healed":0,"gold_gain":0,"player_choice":"Ignored","damage_taken":0,"max_hp_gain":0,"max_hp_loss":0,"event_name":"Liars Game","floor":12,"gold_loss":0},{"damage_healed":0,"gold_gain":0,"player_choice":"Shed Blood","damage_taken":20,"max_hp_gain":5,"max_hp_loss":0,"event_name":"Forgotten Altar","floor":27,"gold_loss":0},{"damage_healed":0,"gold_gain":0,"player_choice":"Got Potions","damage_taken":0,"max_hp_gain":0,"max_hp_loss":0,"event_name":"Lab","floor":36,"gold_loss":0}],"is_beta":false,"boss_relics":[{"not_picked":["Runic Dome","Ectoplasm"],"picked":"Runic Cube"},{"not_picked":["Coffee Dripper","Mark of Pain"],"picked":"SlaversCollar"}],"items_purged_floors":[20],"is_endless":false,"potions_floor_spawned":[1,5,10,16,21,22,29,38],"killed_by":"Sphere and 2 Shapes","ascension_level":3}