{"gold_per_floor":[112,112,130,153,253,253,294,294,294,335,143,143,221,245,245,371,371,391,404,427,427,168,207,228,268,268,309,336,348,146,171,171,294,294,310,310,310,13,28,67,67,111,111,124,124,124,138,0,0,0],"floor_reached":51,"playtime":3175,"items_purged":["Injury","Bash","Strike_R","Strike_R"],"score":858,"play_id":"44e20f52-1fdc-4ee5-9ff9-ffb98c3687b3","local_time":"20210414220020","is_ascension_mode":true,"campfire_choices":[{"data":"Armaments","floor":6,"key":"SMITH"},{"data":"Metallicize","floor":8,"key":"SMITH"},{"data":"Metallicize","floor":12,"key":"SMITH"},{"data":"Juggernaut","floor":15,"key":"SMITH"},{"floor":29,"key":"REST"},{"data":"Metallicize","floor":32,"key":"SMITH"},{"data":"Body Slam","floor":41,"key":"SMITH"},{"data":"Finesse","floor":49,"key":"SMITH"}],"neow_cost":"NONE","seed_source_timestamp":489631180012200,"circlet_count":0,"master_deck":["Strike_R","Strike_R","Defend_R","Defend_R","Defend_R","Defend_R","Juggernaut+1","Armaments+1","Headbutt","Metallicize+1","Shrug It Off","Metallicize+1","Clothesline","Feed","Metallicize+1","Iron Wave+1","Blind","Evolve","Ghostly Armor+1","Iron Wave+1","Burning Pact+1","Feel No Pain","Finesse+1","Feed","Body Slam+1","Sentinel+1","Iron Wave+1","Warcry+1"],"relics":["Burning Blood","Golden Idol","Matryoshka","Juzu Bracelet","White Beast Statue","Orichalcum","SlaversCollar","Ancient Tea Set","Torii","Pear","Blue Candle","MawBank","Cursed Key","Oddly Smooth Stone","Champion Belt","Lantern","Spirit Poop","Red Mask"],"potions_floor_usage":[14,23,24,25,25,28,28,33,33,33,42,42,47,50,50],"damage_taken":[{"damage":3,"enemies":"2 Louse","floor":1,"turns":3},{"damage":10,"enemies":"Jaw Worm","floor":3,"turns":5},{"damage":1,"enemies":"Cultist","floor":4,"turns":3},{"damage":44,"enemies":"Gremlin Nob","floor":7,"turns":6},{"damage":19,"enemies":"3 Sentries","floor":10,"turns":7},{"damage":2,"enemies":"2 Fungi Beasts","floor":14,"turns":5},{"damage":15,"enemies":"The Guardian","floor":16,"turns":11},{"damage":1,"enemies":"Chosen","floor":18,"turns":5},{"damage":25,"enemies":"3 Byrds","floor":19,"turns":6},{"damage":7,"enemies":"Shelled Parasite and Fungi","floor":20,"turns":9},{"damage":48,"enemies":"Gremlin Leader","floor":23,"turns":11},{"damage":21,"enemies":"Sentry and Sphere","floor":24,"turns":7},{"damage":3,"enemies":"Book of Stabbing","floor":25,"turns":3},{"damage":46,"enemies":"Gremlin Leader","floor":27,"turns":9},{"damage":0,"enemies":"Snake Plant","floor":28,"turns":6},{"damage":1,"enemies":"Shelled Parasite and Fungi","floor":31,"turns":7},{"damage":43,"enemies":"Automaton","floor":33,"turns":14},{"damage":0,"enemies":"Orb Walker","floor":35,"turns":4},{"damage":10,"enemies":"3 Shapes","floor":39,"turns":4},{"damage":2,"enemies":"Giant Head","floor":40,"turns":12},{"damage":8,"enemies":"Reptomancer","floor":42,"turns":7},{"damage":9,"enemies":"3 Darklings","floor":44,"turns":6},{"damage":40,"enemies":"Jaw Worm Horde","floor":47,"turns":6},{"damage":23,"enemies":"Donu and Deca","floor":50,"turns":14}],"seed_played":"-2820890087714222601","potions_obtained":[{"floor":3,"key":"SteroidPotion"},{"floor":7,"key":"BloodPotion"},{"floor":10,"key":"Fire Potion"},{"floor":14,"key":"FearPotion"},{"floor":16,"key":"Dexterity Potion"},{"floor":18,"key":"Energy Potion"},{"floor":23,"key":"DuplicationPotion"},{"floor":24,"key":"EssenceOfSteel"},{"floor":25,"key":"ColorlessPotion"},{"floor":27,"key":"FearPotion"},{"floor":28,"key":"Strength Potion"},{"floor":31,"key":"EntropicBrew"},{"floor":33,"key":"FearPotion"},{"floor":42,"key":"PowerPotion"},{"floor":44,"key":"Ancient Potion"},{"floor":47,"key":"Fire Potion"}],"is_trial":false,"path_per_floor":["M","?","M","M","?","R","E","R","T","E","$","R","?","M","R","B",null,"M","M","M","?","$","E","M","E","T","E","M","R","$","M","R","B",null,"M","?","?","$","M","E","R","E","T","M","$","?","M","?","R","B",null],"character_chosen":"IRONCLAD","items_purchased":["Metallicize","Clothesline","Blind","Evolve","Finesse","Oddly Smooth Stone"],"campfire_rested":1,"item_purchase_floors":[11,11,22,22,30,38],"current_hp_per_floor":[80,80,76,80,80,80,42,42,42,29,29,29,29,49,49,40,80,83,67,70,90,90,48,36,39,49,9,15,45,45,53,53,16,106,106,106,106,106,108,112,112,110,110,107,107,107,76,76,76,77],"gold":0,"neow_bonus":"ONE_RANDOM_RARE_CARD","is_prod":false,"is_daily":false,"chose_seed":false,"campfire_upgraded":7,"win_rate":0,"timestamp":1618452020,"path_taken":["M","?","M","M","?","R","E","R","T","E","$","R","?","M","R","BOSS","M","M","M","?","$","E","M","E","T","E","M","R","$","M","R","BOSS","M","?","?","$","M","E","R","E","T","M","$","?","M","?","R","BOSS"],"build_version":"2020-12-22","purchased_purges":4,"victory":true,"max_hp_per_floor":[80,80,80,80,80,80,80,80,80,80,80,80,80,80,80,80,80,83,86,90,90,90,90,93,93,103,103,103,103,103,106,106,106,106,106,106,106,106,112,112,112,112,112,112,112,109,112,112,112,115],"card_choices":[{"not_picked":["Warcry","Thunderclap"],"picked":"Armaments","floor":1},{"not_picked":["Flex","Clothesline"],"picked":"Headbutt","floor":3},{"not_picked":["Inflame","Immolate"],"picked":"Metallicize","floor":4},{"not_picked":["Shockwave","Wild Strike"],"picked":"Shrug It Off","floor":7},{"not_picked":["Thunderclap","Impervious","Havoc"],"picked":"SKIP","floor":10},{"not_picked":["Clash","Heavy Blade","Carnage"],"picked":"SKIP","floor":14},{"not_picked":["Exhume","Impervious"],"picked":"Feed","floor":16},{"not_picked":["Rage+1","Havoc","Thunderclap+1"],"picked":"SKIP","floor":18},{"not_picked":["Anger","Wild Strike+1"],"picked":"Metallicize","floor":19},{"not_picked":["Clothesline","Rage"],"picked":"Iron Wave+1","floor":20},{"not_picked":["Armaments+1","Rampage","Feel No Pain"],"picked":"SKIP","floor":23},{"not_picked":["Twin Strike","Headbutt"],"picked":"Ghostly Armor+1","floor":24},{"not_picked":["Inflame","Clash"],"picked":"Iron Wave+1","floor":25},{"not_picked":["Inflame+1","Armaments"],"picked":"Burning Pact+1","floor":27},{"not_picked":["Cleave+1","Double Tap"],"picked":"Feel No Pain","floor":28},{"not_picked":["Headbutt","Fire Breathing","Dual Wield+1"],"picked":"SKIP","floor":31},{"not_picked":["Offering","Limit Break"],"picked":"Feed","floor":33},{"not_picked":["Armaments","Havoc+1","Anger"],"picked":"SKIP","floor":35},{"not_picked":["Perfected Strike+1","Intimidate+1"],"picked":"Body Slam","floor":39},{"not_picked":["Warcry","Wild Strike+1"],"picked":"Sentinel+1","floor":40},{"not_picked":["Inflame+1","Shrug It Off"],"picked":"Iron Wave+1","floor":42},{"not_picked":["Whirlwind+1","Twin Strike+1","Heavy Blade+1"],"picked":"SKIP","floor":44},{"not_picked":["Carnage+1","Sword Boomerang+1"],"picked":"Warcry+1","floor":47}],"player_experience":122178,"relics_obtained":[{"floor":7,"key":"Matryoshka"},{"floor":9,"key":"Juzu Bracelet"},{"floor":9,"key":"White Beast Statue"},{"floor":10,"key":"Orichalcum"},{"floor":23,"key":"Ancient Tea Set"},{"floor":25,"key":"Torii"},{"floor":26,"key":"Pear"},{"floor":26,"key":"Blue Candle"},{"floor":27,"key":"MawBank"},{"floor":40,"key":"Champion Belt"},{"floor":42,"key":"Lantern"}],"event_choices":[{"damage_healed":0,"gold_gain":0,"player_choice":"Take Wound","damage_taken":0,"relics_obtained":["Golden Idol"],"max_hp_gain":0,"max_hp_loss":0,"event_name":"Golden Idol","floor":2,"gold_loss":0,"cards_obtained":["Injury"]},{"damage_healed":0,"gold_gain":100,"player_choice":"Pray","damage_taken":0,"max_hp_gain":0,"max_hp_loss":0,"event_name":"Golden Shrine","floor":5,"gold_loss":0},{"damage_healed":0,"gold_gain":78,"player_choice":"Gained Gold","damage_taken":0,"max_hp_gain":0,"max_hp_loss":0,"event_name":"Golden Wing","floor":13,"gold_loss":0},{"damage_healed":20,"gold_gain":0,"player_choice":"Full Heal","damage_taken":0,"max_hp_gain":0,"max_hp_loss":0,"event_name":"Wheel of Change","floor":21,"gold_loss":0},{"damage_healed":0,"gold_gain":0,"player_choice":"Memory 1","damage_taken":0,"max_hp_gain":0,"max_hp_loss":0,"event_name":"SensoryStone","floor":36,"gold_loss":0},{"cards_removed":["Strike_R"],"damage_healed":0,"gold_gain":0,"player_choice":"Removed Attack","damage_taken":0,"max_hp_gain":0,"max_hp_loss":0,"event_name":"Falling","floor":37,"gold_loss":0},{"cards_removed":["Parasite"],"damage_healed":0,"gold_gain":0,"player_choice":"Offered Curse","damage_taken":0,"relics_obtained":["Spirit Poop"],"max_hp_gain":0,"max_hp_loss":0,"event_name":"Bonfire Elementals","floor":46,"gold_loss":0},{"damage_healed":0,"gold_gain":0,"player_choice":"Paid","damage_taken":0,"relics_obtained":["Red Mask"],"max_hp_gain":0,"max_hp_loss":0,"event_name":"Tomb of Lord Red Mask","floor":48,"gold_loss":138}],"is_beta":false,"boss_relics":[{"not_picked":["Fusion Hammer","Velvet Choker"],"picked":"SlaversCollar"},{"not_picked":["Runic Pyramid","Philosopher\u0027s Stone"],"picked":"Cursed Key"}],"items_purged_floors":[11,22,30,38],"is_endless":false,"potions_floor_spawned":[3,7,10,14,16,18,19,20,23,24,25,27,28,31,33,35,39,40,42,44,47],"ascension_level":1}