{"gold_per_floor":[113,132,144,154,172,206,206,241,241,241,255,68,68,88,88,183,183,201,216,229,248,163,163,193,210,210,210,210,222,255,255,255,358,358,371,227,227,237,252,277,277,305,328,328,338,348,328,346,346,346,346,346,6,36,36],"floor_reached":56,"playtime":2506,"items_purged":["Defend_R"],"score":1481,"play_id":"53d3b36e-4ca4-4f82-a97e-81a4cd7df1c4","local_time":"20210426230903","is_ascension_mode":true,"campfire_choices":[{"data":"Perfected Strike","floor":7,"key":"SMITH"},{"data":"The Bomb","floor":13,"key":"SMITH"},{"data":"Flame Barrier","floor":15,"key":"SMITH"},{"data":"Bash","floor":23,"key":"SMITH"},{"floor":27,"key":"REST"},{"data":"Shrug It Off","floor":32,"key":"SMITH"},{"floor":41,"key":"REST"},{"floor":49,"key":"RECALL"},{"floor":52,"key":"DIG"}],"neow_cost":"NONE","seed_source_timestamp":621759950814000,"circlet_count":0,"master_deck":["Strike_R","Strike_R","Strike_R","Strike_R","Defend_R","Defend_R","Defend_R","Bash+1","Perfected Strike+1","Pommel Strike","Headbutt","Reaper","Shockwave","Offering","Shrug It Off+1","The Bomb+1","Flame Barrier+1","Bludgeon+1","Headbutt+1","Perfected Strike+1","Shockwave","Juggernaut","Shrug It Off","Carnage+1","Demon Form","Entrench","Iron Wave+1","Limit Break","Flame Barrier+1","Sever Soul+1","Heavy Blade+1","Impatience","Bandage Up","Metamorphosis","Blood for Blood+1","True Grit+1","Headbutt+1","Clothesline+1","Heavy Blade+1","Rage+1","Perfected Strike+1","Double Tap+1","Shrug It Off+1","Armaments+1"],"relics":["Snecko Eye","Blue Candle","TungstenRod","Molten Egg 2","Black Star","Bird Faced Urn","Bronze Scales","Omamori","Paper Frog","Shovel","Potion Belt","Gremlin Horn","Cursed Key","Orrery","Thread and Needle","Strawberry","Question Card","Toxic Egg 2","Self Forming Clay","Blood Vial","HornCleat"],"potions_floor_usage":[16,30,39,39,39,45,50,50,50,50,50,50,54,54,55,55,55],"damage_taken":[{"damage":0,"enemies":"Cultist","floor":1,"turns":2},{"damage":0,"enemies":"Small Slimes","floor":2,"turns":2},{"damage":7,"enemies":"Jaw Worm","floor":3,"turns":2},{"damage":17,"enemies":"Looter","floor":4,"turns":3},{"damage":8,"enemies":"Blue Slaver","floor":5,"turns":2},{"damage":16,"enemies":"Gremlin Nob","floor":6,"turns":3},{"damage":15,"enemies":"Lagavulin","floor":8,"turns":5},{"damage":0,"enemies":"Large Slime","floor":11,"turns":4},{"damage":7,"enemies":"Lots of Slimes","floor":14,"turns":4},{"damage":17,"enemies":"Slime Boss","floor":16,"turns":6},{"damage":15,"enemies":"2 Thieves","floor":18,"turns":3},{"damage":0,"enemies":"Shell Parasite","floor":19,"turns":2},{"damage":9,"enemies":"Snecko","floor":20,"turns":3},{"damage":5,"enemies":"Snake Plant","floor":21,"turns":2},{"damage":25,"enemies":"Slavers","floor":24,"turns":3},{"damage":14,"enemies":"Centurion and Healer","floor":25,"turns":3},{"damage":5,"enemies":"3 Cultists","floor":29,"turns":3},{"damage":14,"enemies":"Book of Stabbing","floor":30,"turns":4},{"damage":6,"enemies":"Collector","floor":33,"turns":6},{"damage":14,"enemies":"3 Shapes","floor":35,"turns":4},{"damage":0,"enemies":"Orb Walker","floor":38,"turns":2},{"damage":39,"enemies":"Transient","floor":39,"turns":5},{"damage":21,"enemies":"Reptomancer","floor":40,"turns":3},{"damage":13,"enemies":"Giant Head","floor":42,"turns":5},{"damage":11,"enemies":"Maw","floor":45,"turns":6},{"damage":2,"enemies":"Spire Growth","floor":46,"turns":4},{"damage":25,"enemies":"Transient","floor":48,"turns":5},{"damage":30,"enemies":"Time Eater","floor":50,"turns":6},{"damage":24,"enemies":"Shield and Spear","floor":54,"turns":4},{"damage":64,"enemies":"The Heart","floor":55,"turns":7}],"seed_played":"-2473172866533833845","potions_obtained":[{"floor":2,"key":"BloodPotion"},{"floor":6,"key":"EntropicBrew"},{"floor":11,"key":"Energy Potion"},{"floor":16,"key":"FearPotion"},{"floor":38,"key":"Regen Potion"},{"floor":39,"key":"AttackPotion"},{"floor":45,"key":"Energy Potion"},{"floor":46,"key":"BlessingOfTheForge"},{"floor":47,"key":"EntropicBrew"},{"floor":54,"key":"Weak Potion"}],"is_trial":false,"path_per_floor":["M","M","M","M","M","E","R","E","T","?","M","$","R","M","R","B",null,"M","M","M","M","?","R","E","M","T","R","?","M","E","?","R","B",null,"M","$","?","M","M","E","R","E","T","?","M","M","?","M","R","B",null,"R","$","E","B",null],"character_chosen":"IRONCLAD","items_purchased":["The Bomb","Orrery","Perfected Strike+1","Double Tap+1","Shrug It Off+1","PowerPotion"],"campfire_rested":2,"item_purchase_floors":[12,36,53,53,53,53],"current_hp_per_floor":[80,80,73,56,48,38,38,29,29,29,33,33,33,46,46,35,80,65,65,56,51,51,51,26,12,12,36,36,45,40,40,40,36,80,66,66,57,57,42,45,71,73,73,73,78,76,76,57,57,39,87,87,87,63,9],"gold":36,"neow_bonus":"BOSS_RELIC","is_prod":false,"is_daily":false,"chose_seed":false,"campfire_upgraded":5,"win_rate":0,"timestamp":1619492943,"path_taken":["M","M","M","M","M","E","R","E","T","?","M","$","R","M","R","BOSS","M","M","M","M","?","R","E","M","T","R","?","M","E","?","R","BOSS","M","$","?","M","M","E","R","E","T","?","M","M","?","M","R","BOSS","R","$","E","BOSS"],"build_version":"2020-12-22","purchased_purges":1,"victory":true,"max_hp_per_floor":[80,80,80,80,80,80,80,80,80,80,80,80,80,80,80,80,80,80,80,80,80,80,80,80,80,80,80,80,80,80,80,80,80,80,80,80,80,80,80,87,87,87,87,87,87,87,87,87,87,87,87,87,87,87,87],"card_choices":[{"not_picked":["Iron Wave","Twin Strike"],"picked":"Perfected Strike","floor":1},{"not_picked":["Fire Breathing","Havoc"],"picked":"Pommel Strike","floor":2},{"not_picked":["Anger","Armaments"],"picked":"Headbutt","floor":3},{"not_picked":["Havoc","Body Slam"],"picked":"Reaper","floor":4},{"not_picked":["Wild Strike","Body Slam"],"picked":"Fire Breathing","floor":5},{"not_picked":["Rupture","Inflame"],"picked":"Shockwave","floor":6},{"not_picked":["Shrug It Off","Combust"],"picked":"Offering","floor":8},{"not_picked":["Iron Wave+1","Combust"],"picked":"Shrug It Off","floor":11},{"not_picked":["Feel No Pain","Uppercut+1"],"picked":"Flame Barrier","floor":14},{"not_picked":["Corruption","Brutality"],"picked":"Bludgeon+1","floor":16},{"not_picked":["Iron Wave+1","Pommel Strike+1"],"picked":"Headbutt+1","floor":18},{"not_picked":["True Grit+1","Inflame+1"],"picked":"Perfected Strike+1","floor":19},{"not_picked":["Pommel Strike+1","Reckless Charge+1","Clash+1"],"picked":"SKIP","floor":20},{"not_picked":["Iron Wave+1","Spot Weakness+1"],"picked":"Shockwave","floor":21},{"not_picked":["Pommel Strike+1","Cleave+1"],"picked":"Juggernaut","floor":24},{"not_picked":["Iron Wave+1","Rupture"],"picked":"Shrug It Off","floor":25},{"not_picked":["Pommel Strike+1","Pummel+1"],"picked":"Carnage+1","floor":29},{"not_picked":["Wild Strike+1","Sentinel","Havoc"],"picked":"SKIP","floor":30},{"not_picked":["Immolate+1","Feed+1"],"picked":"Demon Form","floor":33},{"not_picked":["Body Slam+1","Armaments"],"picked":"Entrench","floor":35},{"not_picked":["Dropkick+1","Hemokinesis+1"],"picked":"Iron Wave+1","floor":36},{"not_picked":["Dropkick+1","Havoc"],"picked":"Limit Break","floor":36},{"not_picked":["Flex+1","Dual Wield"],"picked":"Flame Barrier+1","floor":36},{"not_picked":["Havoc+1","Clash+1"],"picked":"Sever Soul+1","floor":36},{"not_picked":["Havoc+1","Sever Soul+1"],"picked":"Heavy Blade+1","floor":36},{"not_picked":["Purity","Finesse"],"picked":"Impatience","floor":37},{"not_picked":["Swift Strike+1","Jack Of All Trades"],"picked":"Bandage Up","floor":37},{"not_picked":["Swift Strike+1","Discovery"],"picked":"Metamorphosis","floor":37},{"not_picked":["Twin Strike+1","Cleave+1"],"picked":"Blood for Blood+1","floor":38},{"not_picked":["Twin Strike+1","Wild Strike+1"],"picked":"True Grit+1","floor":39},{"not_picked":["Clash+1","Sever Soul+1"],"picked":"Headbutt+1","floor":40},{"not_picked":["Anger+1","Sentinel+1","Berserk"],"picked":"SKIP","floor":42},{"not_picked":["Pommel Strike+1","Sever Soul+1","Anger+1"],"picked":"Clothesline+1","floor":45},{"not_picked":["Body Slam+1","Bloodletting+1","Sentinel+1"],"picked":"Heavy Blade+1","floor":46},{"not_picked":["Second Wind+1","Disarm+1","Power Through+1"],"picked":"Rage+1","floor":48},{"not_picked":["Clothesline+1","Reaper+1","Havoc+1"],"picked":"Armaments+1","floor":54}],"player_experience":193444,"relics_obtained":[{"floor":6,"key":"Blue Candle"},{"floor":9,"key":"TungstenRod"},{"floor":24,"key":"Bronze Scales"},{"floor":24,"key":"Omamori"},{"floor":26,"key":"Paper Frog"},{"floor":30,"key":"Shovel"},{"floor":30,"key":"Potion Belt"},{"floor":40,"key":"Thread and Needle"},{"floor":40,"key":"Strawberry"},{"floor":42,"key":"Question Card"},{"floor":42,"key":"Toxic Egg 2"},{"floor":52,"key":"Self Forming Clay"},{"floor":54,"key":"Blood Vial"},{"floor":54,"key":"HornCleat"}],"event_choices":[{"damage_healed":0,"gold_gain":0,"player_choice":"Searched \u00272\u0027 times","damage_taken":0,"relics_obtained":["Molten Egg 2"],"max_hp_gain":0,"max_hp_loss":0,"event_name":"Dead Adventurer","floor":10,"gold_loss":0},{"damage_healed":0,"gold_gain":0,"player_choice":"Obtained Relic","damage_taken":0,"relics_obtained":["Bird Faced Urn"],"max_hp_gain":0,"max_hp_loss":0,"event_name":"Addict","floor":22,"gold_loss":85},{"cards_removed":["Strike_R"],"damage_healed":0,"gold_gain":0,"player_choice":"Elegance","damage_taken":0,"max_hp_gain":0,"max_hp_loss":0,"event_name":"Back to Basics","floor":28,"gold_loss":0},{"damage_healed":0,"gold_gain":0,"player_choice":"Opened","damage_taken":0,"relics_obtained":["Gremlin Horn"],"max_hp_gain":0,"max_hp_loss":0,"event_name":"The Mausoleum","floor":31,"gold_loss":0},{"damage_healed":0,"gold_gain":0,"player_choice":"Memory 3","damage_taken":10,"max_hp_gain":0,"max_hp_loss":0,"event_name":"SensoryStone","floor":37,"gold_loss":0},{"cards_removed":["Fire Breathing"],"damage_healed":0,"gold_gain":0,"player_choice":"Removed Power","damage_taken":0,"max_hp_gain":0,"max_hp_loss":0,"event_name":"Falling","floor":44,"gold_loss":0},{"damage_healed":0,"gold_gain":0,"player_choice":"Bought 1 Potion","damage_taken":0,"max_hp_gain":0,"max_hp_loss":0,"event_name":"The Woman in Blue","floor":47,"gold_loss":0}],"is_beta":false,"boss_relics":[{"not_picked":["Runic Pyramid","Velvet Choker"],"picked":"Black Star"},{"not_picked":["Fusion Hammer","Coffee Dripper"],"picked":"Cursed Key"}],"items_purged_floors":[53],"is_endless":false,"potions_floor_spawned":[2,6,11,16,18,21,25,29,38,39,45,46,54],"ascension_level":4}