{"gold_per_floor":[165,175,175,187,204,204,239,263,275,287,328,351,363,375,387,502,514,544,530,542],"floor_reached":20,"playtime":653,"items_purged":[],"score":214,"play_id":"4b8efd52-cf11-492b-8a01-6db5ccb7fbe0","local_time":"20210426214540","is_ascension_mode":true,"campfire_choices":[{"data":"Inflame","floor":6.0,"key":"SMITH"},{"floor":10,"key":"REST"},{"floor":15,"key":"REST"}],"neow_cost":"NONE","seed_source_timestamp":0,"circlet_count":0,"master_deck":["Strike_R","Strike_R","Strike_R+1","Strike_R","Strike_R+1","Defend_R","Defend_R","Defend_R","Defend_R","Bash","Wild Strike","Headbutt","Searing Blow","Inflame+1","Disarm+1","Juggernaut","Iron Wave","Shrug It Off","Infernal Blade","Offering","Shockwave","Sentinel+1"],"special_seed":0,"relics":["Tiny House","MawBank","Peace Pipe","Shuriken","SlaversCollar"],"potions_floor_usage":[11,12,16,16],"damage_taken":[{"damage":14.0,"enemies":"Jaw Worm","floor":1.0,"turns":3.0},{"damage":6.0,"enemies":"Cultist","floor":2.0,"turns":3.0},{"damage":11.0,"enemies":"2 Louse","floor":4.0,"turns":3.0},{"damage":21.0,"enemies":"Exordium Thugs","floor":5.0,"turns":4.0},{"damage":39.0,"enemies":"3 Sentries","floor":7.0,"turns":7.0},{"damage":0,"enemies":"Large Slime","floor":8,"turns":4},{"damage":16,"enemies":"Gremlin Nob","floor":11,"turns":3},{"damage":4,"enemies":"Lots of Slimes","floor":12,"turns":2},{"damage":18,"enemies":"Slime Boss","floor":16,"turns":10},{"damage":15,"enemies":"Chosen","floor":18,"turns":5},{"damage":42,"enemies":"2 Thieves","floor":19,"turns":5},{"damage":0,"enemies":"Shelled Parasite and Fungi","floor":20,"turns":1}],"seed_played":"-9056065928790422942","potions_obtained":[{"floor":0.0,"key":"HeartOfIron"},{"floor":1.0,"key":"BlessingOfTheForge"},{"floor":4.0,"key":"ColorlessPotion"},{"floor":7.0,"key":"HeartOfIron"},{"floor":8,"key":"SteroidPotion"},{"floor":11,"key":"SpeedPotion"}],"is_trial":false,"path_per_floor":["M","M","?","M","M","R","E","M","T","R","E","M","?","$","R","B",null,"M","M","M"],"character_chosen":"IRONCLAD","items_purchased":[],"campfire_rested":2,"item_purchase_floors":[],"current_hp_per_floor":[71,65,85,74,53,53,14,14,14,39,23,19,2,2,27,9,85,70,28,28],"gold":542,"neow_bonus":"BOSS_RELIC","is_prod":false,"is_daily":false,"chose_seed":false,"campfire_upgraded":1,"win_rate":0,"timestamp":1619487940,"path_taken":["M","M","?","?","M","R","E","M","T","R","E","M","?","?","R","BOSS","M","M","M"],"build_version":"2020-12-22","purchased_purges":0,"victory":false,"max_hp_per_floor":[85,85,85,85,85,85,85,85,85,85,85,85,85,85,85,85,85,85,85,85],"card_choices":[{"not_picked":["Combust","Body Slam"],"picked":"Wild Strike","floor":0.0},{"not_picked":["Havoc","Body Slam"],"picked":"Headbutt","floor":1.0},{"not_picked":["Dropkick","Sword Boomerang"],"picked":"Searing Blow","floor":2.0},{"not_picked":["Twin Strike","Clothesline"],"picked":"Inflame","floor":4.0},{"not_picked":["True Grit","Offering"],"picked":"Disarm","floor":5.0},{"not_picked":["Pommel Strike","Clash"],"picked":"Juggernaut","floor":7.0},{"not_picked":["Thunderclap","Twin Strike"],"picked":"Iron Wave","floor":8},{"not_picked":["Berserk","Iron Wave"],"picked":"Shrug It Off","floor":11},{"not_picked":["Dual Wield","Armaments"],"picked":"Infernal Blade","floor":12},{"not_picked":["Fiend Fire","Demon Form"],"picked":"Offering","floor":16},{"not_picked":["Anger","Disarm"],"picked":"Shockwave","floor":18},{"not_picked":["Reckless Charge+1","Perfected Strike"],"picked":"Sentinel+1","floor":19}],"player_experience":190502,"relics_obtained":[{"floor":7.0,"key":"MawBank"},{"floor":9,"key":"Peace Pipe"},{"floor":11,"key":"Shuriken"}],"event_choices":[{"damage_healed":20.0,"max_hp_gain":0.0,"max_hp_loss":0.0,"gold_gain":0.0,"event_name":"Wheel of Change","player_choice":"Full Heal","floor":3.0,"gold_loss":0.0,"damage_taken":0.0},{"damage_healed":0,"gold_gain":0,"player_choice":"Entered Light","damage_taken":17,"max_hp_gain":0,"max_hp_loss":0,"event_name":"Shining Light","floor":13,"gold_loss":0,"cards_upgraded":["Strike_R","Disarm"]}],"is_beta":false,"boss_relics":[{"not_picked":["Velvet Choker","Runic Dome"],"picked":"SlaversCollar"}],"items_purged_floors":[],"is_endless":false,"potions_floor_spawned":[1,4,7,8,11],"killed_by":"Shelled Parasite and Fungi","ascension_level":3}