{"gold_per_floor":[115,125,125,145,70,100,33,47,47,61,61,61,80,80,80,176,176,187,187,197,213,229,229],"floor_reached":23,"playtime":1142,"items_purged":["Strike_R"],"score":244,"play_id":"2d1e01eb-60ee-4501-9742-24b53a0b3645","local_time":"20210427224934","is_ascension_mode":true,"campfire_choices":[{"floor":12,"key":"REST"},{"floor":15,"key":"REST"}],"neow_cost":"NONE","seed_source_timestamp":708377281021700,"circlet_count":0,"master_deck":["Strike_R","Strike_R","Strike_R","Defend_R","Defend_R","Defend_R","Defend_R","Bash","Sword Boomerang","Pummel","Heavy Blade","Shockwave","Dropkick","Sever Soul","Cleave","Offering","CurseOfTheBell","Bloodletting","True Grit"],"relics":["Runic Pyramid","Tiny Chest","StoneCalendar","Question Card","Sundial","Calling Bell","Pen Nib","Meat on the Bone","Girya","InkBottle"],"potions_floor_usage":[6,16,23],"damage_taken":[{"damage":9,"enemies":"Small Slimes","floor":1,"turns":5},{"damage":1,"enemies":"Cultist","floor":2,"turns":3},{"damage":8,"enemies":"2 Louse","floor":4,"turns":2},{"damage":32,"enemies":"Gremlin Nob","floor":6,"turns":4},{"damage":4,"enemies":"2 Fungi Beasts","floor":8,"turns":3},{"damage":4,"enemies":"3 Louse","floor":10,"turns":4},{"damage":13,"enemies":"Large Slime","floor":13,"turns":5},{"damage":40,"enemies":"Slime Boss","floor":16,"turns":7},{"damage":20,"enemies":"3 Byrds","floor":18,"turns":4},{"damage":18,"enemies":"Chosen","floor":20,"turns":3},{"damage":17,"enemies":"Centurion and Healer","floor":21,"turns":5},{"damage":14,"enemies":"Snecko","floor":22,"turns":4},{"damage":33,"enemies":"Book of Stabbing","floor":23,"turns":3}],"seed_played":"8585523062291312593","potions_obtained":[{"floor":1,"key":"Weak Potion"},{"floor":6,"key":"Fruit Juice"},{"floor":10,"key":"Swift Potion"},{"floor":20,"key":"Explosive Potion"},{"floor":22,"key":"Strength Potion"}],"is_trial":false,"path_per_floor":["M","M","?","M","$","E","$","M","T","M","?","R","M","?","R","B",null,"M","T","M","M","M","E"],"character_chosen":"IRONCLAD","items_purchased":["Dropkick"],"campfire_rested":2,"item_purchase_floors":[7],"current_hp_per_floor":[71,70,70,62,62,35,35,31,31,27,20,45,32,25,50,10,66,46,46,40,35,33,0],"gold":229,"neow_bonus":"BOSS_RELIC","is_prod":false,"is_daily":false,"chose_seed":false,"campfire_upgraded":0,"win_rate":0,"timestamp":1619578174,"path_taken":["M","M","?","?","$","E","$","M","T","M","?","R","M","?","R","BOSS","M","?","M","M","M","E"],"build_version":"2020-12-22","purchased_purges":1,"victory":false,"max_hp_per_floor":[80,80,80,80,80,85,85,85,85,85,85,85,85,85,85,85,85,85,85,85,85,85,85],"card_choices":[{"not_picked":["Dark Embrace","Perfected Strike"],"picked":"Sword Boomerang","floor":1},{"not_picked":["Armaments","Havoc"],"picked":"Pummel","floor":2},{"not_picked":["Rupture","Clothesline"],"picked":"Heavy Blade","floor":4},{"not_picked":["Thunderclap","Power Through"],"picked":"Shockwave","floor":6},{"not_picked":["Wild Strike","Iron Wave"],"picked":"Sever Soul","floor":8},{"not_picked":["Reckless Charge","Anger","Rupture","Havoc"],"picked":"SKIP","floor":10},{"not_picked":["Pommel Strike","Whirlwind","Flex"],"picked":"Cleave","floor":13},{"not_picked":["Juggernaut","Berserk","Bludgeon"],"picked":"Offering","floor":16},{"not_picked":["Body Slam","Havoc+1","Clash+1","Whirlwind"],"picked":"SKIP","floor":18},{"not_picked":["Anger+1","Heavy Blade","Reckless Charge+1","Cleave"],"picked":"SKIP","floor":20},{"not_picked":["Offering","Ghostly Armor+1","Warcry"],"picked":"Bloodletting","floor":21},{"not_picked":["Heavy Blade","Thunderclap+1","Clothesline+1"],"picked":"True Grit","floor":22}],"player_experience":210217,"relics_obtained":[{"floor":6,"key":"StoneCalendar"},{"floor":9,"key":"Question Card"},{"floor":17,"key":"Pen Nib"},{"floor":17,"key":"Meat on the Bone"},{"floor":17,"key":"Girya"},{"floor":19,"key":"InkBottle"}],"event_choices":[{"damage_healed":0,"gold_gain":0,"player_choice":"Gave Potion","damage_taken":0,"relics_obtained":["Tiny Chest"],"max_hp_gain":0,"max_hp_loss":0,"event_name":"WeMeetAgain","floor":3,"gold_loss":0},{"cards_removed":["Strike_R"],"damage_healed":0,"gold_gain":0,"player_choice":"Card Removal","damage_taken":7,"max_hp_gain":0,"max_hp_loss":0,"event_name":"Golden Wing","floor":11,"gold_loss":0},{"damage_healed":0,"gold_gain":0,"player_choice":"Success","damage_taken":7,"relics_obtained":["Sundial"],"max_hp_gain":0,"max_hp_loss":0,"event_name":"Scrap Ooze","floor":14,"gold_loss":0}],"is_beta":false,"boss_relics":[{"not_picked":["Runic Dome","Runic Cube"],"picked":"Calling Bell"}],"items_purged_floors":[5],"is_endless":false,"potions_floor_spawned":[1,6,10,20,22],"killed_by":"Book of Stabbing","ascension_level":5}