{"gold_per_floor":[111,128,148,148,165,165,197,197,197,197,77,87,187,221,221,319,319,337,353,368,78,93,119,119,133,157,182,182,208,218,44,44,144,144,160,8,21,91,101,134,134,164,164,178,198,229,279,292,292,292],"floor_reached":51,"playtime":3664,"items_purged":["Strike_R","Strike_R","Strike_R"],"score":874,"play_id":"2a63d977-a1cc-47d9-9b5a-43ed85f6b878","local_time":"20210424093639","is_ascension_mode":true,"campfire_choices":[{"data":"Rampage","floor":6.0,"key":"SMITH"},{"data":"Shrug It Off","floor":8.0,"key":"SMITH"},{"data":"Bash","floor":15.0,"key":"SMITH"},{"floor":24,"key":"REST"},{"floor":28,"key":"RECALL"},{"data":"Defend_R","floor":32,"key":"PURGE"},{"data":"Clothesline","floor":41,"key":"PURGE"},{"floor":49,"key":"REST"}],"neow_cost":"NONE","seed_source_timestamp":0,"circlet_count":0,"master_deck":["Defend_R+1","Defend_R+1","Bash+1","Shrug It Off+1","Spot Weakness+1","Dropkick","Rampage+1","Warcry","Disarm","Fiend Fire","Evolve+1","Shrug It Off+1","Disarm+1","Offering","Warcry+1","Offering","Sword Boomerang+1","True Grit+1","Demon Form+1","Pommel Strike+1","Shockwave+1","Battle Trance+1","Burning Pact","Parasite","Headbutt+1"],"special_seed":0,"relics":["Burning Blood","Centennial Puzzle","Pear","Incense Burner","Fusion Hammer","Toy Ornithopter","Blood Vial","War Paint","Potion Belt","Peace Pipe","Astrolabe","Lantern","InkBottle","Bottled Flame","Nunchaku","Red Skull","Anchor","Unceasing Top"],"potions_floor_usage":[29,40,44,46,50,50,50],"damage_taken":[{"damage":1.0,"enemies":"2 Louse","floor":1.0,"turns":3.0},{"damage":2.0,"enemies":"Small Slimes","floor":2.0,"turns":4.0},{"damage":15.0,"enemies":"Cultist","floor":3.0,"turns":4.0},{"damage":13.0,"enemies":"Lots of Slimes","floor":5.0,"turns":5.0},{"damage":16.0,"enemies":"3 Sentries","floor":7.0,"turns":6.0},{"damage":15.0,"enemies":"Exordium Thugs","floor":12.0,"turns":5.0},{"damage":20.0,"enemies":"Gremlin Nob","floor":14.0,"turns":4.0},{"damage":20.0,"enemies":"Slime Boss","floor":16.0,"turns":7.0},{"damage":15.0,"enemies":"3 Byrds","floor":18.0,"turns":7.0},{"damage":5.0,"enemies":"Shell Parasite","floor":19.0,"turns":5.0},{"damage":0.0,"enemies":"Chosen and Byrds","floor":20.0,"turns":6.0},{"damage":34.0,"enemies":"Sentry and Sphere","floor":22.0,"turns":8.0},{"damage":36.0,"enemies":"Slavers","floor":23.0,"turns":5.0},{"damage":1,"enemies":"Cultist and Chosen","floor":25,"turns":6},{"damage":18,"enemies":"Gremlin Leader","floor":27,"turns":9},{"damage":6,"enemies":"Slavers","floor":29,"turns":8},{"damage":9,"enemies":"3 Cultists","floor":30,"turns":6},{"damage":55,"enemies":"Collector","floor":33,"turns":9},{"damage":10,"enemies":"3 Darklings","floor":35,"turns":4},{"damage":19,"enemies":"3 Shapes","floor":37,"turns":3},{"damage":9,"enemies":"Jaw Worm Horde","floor":39,"turns":4},{"damage":18,"enemies":"Giant Head","floor":40,"turns":5},{"damage":26,"enemies":"Reptomancer","floor":42,"turns":6},{"damage":8,"enemies":"Maw","floor":44,"turns":5},{"damage":15,"enemies":"Writhing Mass","floor":45,"turns":5},{"damage":9,"enemies":"Nemesis","floor":46,"turns":5},{"damage":2,"enemies":"Mind Bloom Boss Battle","floor":47,"turns":7},{"damage":40,"enemies":"Sphere and 2 Shapes","floor":48,"turns":5},{"damage":43,"enemies":"Donu and Deca","floor":50,"turns":5}],"seed_played":"8918168024512704569","potions_obtained":[{"floor":2.0,"key":"BlessingOfTheForge"},{"floor":5.0,"key":"Strength Potion"},{"floor":14.0,"key":"Strength Potion"},{"floor":16.0,"key":"ColorlessPotion"},{"floor":18.0,"key":"Energy Potion"},{"floor":19.0,"key":"LiquidMemories"},{"floor":30,"key":"BlessingOfTheForge"},{"floor":33,"key":"SteroidPotion"},{"floor":37,"key":"Explosive Potion"},{"floor":39,"key":"Block Potion"},{"floor":40,"key":"AttackPotion"},{"floor":45,"key":"LiquidMemories"}],"is_trial":false,"path_per_floor":["M","M","M","?","M","R","E","R","T","?","$","M","?","E","R","B",null,"M","M","M","$","M","E","R","M","T","E","R","E","M","$","R","B",null,"M","$","M","T","M","E","R","E","T","M","M","E","?","M","R","B",null],"character_chosen":"IRONCLAD","items_purchased":["Warcry","Shrug It Off","Toy Ornithopter","SkillPotion","Lantern"],"campfire_rested":2,"item_purchase_floors":[11,21,21,31,36],"current_hp_per_floor":[88,88,79,61,54,54,44,44,54,54,54,45,45,31,31,17,98,89,90,96,96,68,43,72,79,79,69,69,76,75,75,75,28,98,94,94,83,83,82,77,77,59,59,64,57,61,67,35,64,44],"gold":292,"neow_bonus":"TEN_PERCENT_HP_BONUS","is_prod":false,"is_daily":false,"chose_seed":false,"campfire_upgraded":3,"win_rate":0,"timestamp":1619271399,"path_taken":["M","M","M","?","M","R","E","R","T","?","$","M","?","E","R","BOSS","M","M","M","$","M","E","R","M","T","E","R","E","?","$","R","BOSS","M","?","M","?","M","E","R","E","T","M","M","E","?","M","R","BOSS"],"build_version":"2020-12-22","purchased_purges":3,"victory":true,"max_hp_per_floor":[88,88,88,88,88,88,88,88,98,98,98,98,98,98,98,98,98,98,98,98,98,98,98,98,98,98,98,98,98,98,98,98,98,98,98,98,98,98,98,98,98,98,98,98,98,98,98,98,98,98],"card_choices":[{"not_picked":["Flex","True Grit"],"picked":"Shrug It Off","floor":1.0},{"not_picked":["Flex","Pommel Strike"],"picked":"Spot Weakness","floor":2.0},{"not_picked":["Sword Boomerang","Twin Strike"],"picked":"Dropkick","floor":3.0},{"not_picked":["Ghostly Armor","Body Slam"],"picked":"Rampage","floor":5.0},{"not_picked":["Reckless Charge","Limit Break","Havoc"],"picked":"SKIP","floor":7.0},{"not_picked":["Sword Boomerang","Shockwave"],"picked":"Clothesline","floor":12.0},{"not_picked":["Ghostly Armor","Perfected Strike"],"picked":"Disarm","floor":14.0},{"not_picked":["Immolate","Barricade"],"picked":"Fiend Fire","floor":16.0},{"not_picked":["Iron Wave","Dark Embrace"],"picked":"Evolve+1","floor":18.0},{"not_picked":["Clothesline","Havoc","Body Slam+1"],"picked":"SKIP","floor":19.0},{"not_picked":["Fire Breathing+1","Hemokinesis+1","Infernal Blade"],"picked":"SKIP","floor":20.0},{"not_picked":["Sentinel","Combust"],"picked":"Disarm+1","floor":22.0},{"not_picked":["Juggernaut","Flex","Heavy Blade+1"],"picked":"SKIP","floor":23},{"not_picked":["Juggernaut","Flex","Heavy Blade+1"],"picked":"SKIP","floor":23},{"not_picked":["True Grit","Bloodletting"],"picked":"Offering","floor":25},{"not_picked":["Clash+1","Iron Wave"],"picked":"Warcry+1","floor":27},{"not_picked":["Clothesline","Seeing Red","Dropkick"],"picked":"SKIP","floor":29},{"not_picked":["Twin Strike+1","Clothesline","True Grit"],"picked":"SKIP","floor":30},{"not_picked":["Immolate","Demon Form"],"picked":"Offering","floor":33},{"not_picked":["Iron Wave","Clash"],"picked":"Pommel Strike+1","floor":35},{"not_picked":["Shockwave+1","Iron Wave","Rage"],"picked":"SKIP","floor":37},{"not_picked":["Iron Wave","Rage"],"picked":"Shockwave+1","floor":37},{"not_picked":["Twin Strike+1","Headbutt"],"picked":"Battle Trance+1","floor":39},{"not_picked":["Sword Boomerang","Perfected Strike","Pommel Strike"],"picked":"SKIP","floor":40},{"not_picked":["Pommel Strike","Impervious"],"picked":"Burning Pact","floor":42},{"not_picked":["Inflame","Twin Strike","Armaments"],"picked":"SKIP","floor":44},{"not_picked":["Iron Wave+1","Rampage","Havoc+1"],"picked":"SKIP","floor":45},{"not_picked":["Sword Boomerang+1","Body Slam","Corruption"],"picked":"SKIP","floor":46},{"not_picked":["True Grit+1","Sever Soul"],"picked":"Headbutt+1","floor":48}],"player_experience":171251,"relics_obtained":[{"floor":7.0,"key":"Centennial Puzzle"},{"floor":9.0,"key":"Pear"},{"floor":14.0,"key":"Incense Burner"},{"floor":23,"key":"Blood Vial"},{"floor":26,"key":"War Paint"},{"floor":27,"key":"Potion Belt"},{"floor":29,"key":"Peace Pipe"},{"floor":38,"key":"InkBottle"},{"floor":40,"key":"Bottled Flame"},{"floor":42,"key":"Nunchaku"},{"floor":43,"key":"Red Skull"},{"floor":46,"key":"Anchor"},{"floor":47,"key":"Unceasing Top"}],"event_choices":[{"damage_healed":0.0,"max_hp_gain":0.0,"max_hp_loss":0.0,"gold_gain":0.0,"event_name":"Shining Light","player_choice":"Entered Light","floor":4.0,"gold_loss":0.0,"damage_taken":18.0,"cards_upgraded":["Defend_R","Spot Weakness"]},{"damage_healed":0.0,"max_hp_gain":0.0,"max_hp_loss":0.0,"gold_gain":0.0,"event_name":"Golden Idol","player_choice":"Ignored","floor":10.0,"gold_loss":0.0,"damage_taken":0.0},{"damage_healed":0.0,"max_hp_gain":0.0,"max_hp_loss":0.0,"gold_gain":100.0,"event_name":"Golden Shrine","player_choice":"Pray","floor":13.0,"gold_loss":0.0,"damage_taken":0.0},{"damage_healed":0,"gold_gain":0,"player_choice":"Fight","damage_taken":0,"max_hp_gain":0,"max_hp_loss":0,"event_name":"MindBloom","floor":47,"gold_loss":0}],"is_beta":false,"boss_relics":[{"not_picked":["Runic Pyramid","Runic Cube"],"picked":"Fusion Hammer"},{"not_picked":["Snecko Eye","Runic Dome"],"picked":"Astrolabe"}],"items_purged_floors":[11,21,31],"is_endless":false,"potions_floor_spawned":[2,5,14,16,18,19,22,30,33,37,39,40,45],"ascension_level":1}