{"gold_per_floor":[109,125,200,150,170,170,202,202,202,234,248,248,21,49,49,151,151,164,164,164,176,195,195,229,229,229,186,222,245,272,299,299,404,463,485,503,562,123,141,181,202,257,282,319,340,361,361],"floor_reached":47,"playtime":2582,"items_purged":[],"score":670,"play_id":"638c3144-dfb2-4aad-998c-c51dd4840081","local_time":"20210512003650","is_ascension_mode":true,"campfire_choices":[{"floor":6,"key":"REST"},{"floor":8,"key":"REST"},{"floor":12,"key":"REST"},{"floor":15,"key":"REST"},{"floor":23,"key":"RECALL"},{"floor":25,"key":"REST"},{"floor":32,"key":"REST"}],"neow_cost":"NONE","seed_source_timestamp":1922963136200900,"circlet_count":0,"master_deck":["Bash","Twin Strike","Wild Strike","Inflame","Whirlwind","Sever Soul","Heavy Blade","Reaper","Feed+1","Thunderclap","Dropkick","Impervious","Bloodletting","Uppercut","Pummel","Battle Trance","Burning Pact","Inflame","Inflame","Feel No Pain","Twin Strike+1","Cleave","Rage+1","Sword Boomerang+1","Clothesline+1","Flame Barrier","Juggernaut","Ghostly Armor+1","Sword Boomerang+1","Madness","Madness","Disarm+1","Offering","Secret Weapon","Discovery","Shrug It Off+1","Dark Embrace+1","Impervious","Limit Break","Heavy Blade+1","Shrug It Off+1"],"relics":["Fusion Hammer","Ornamental Fan","Mercury Hourglass","Blue Candle","Pen Nib","HornCleat","Pandora\u0027s Box","Oddly Smooth Stone","CeramicFish","Question Card","Tiny House","Charon\u0027s Ashes","Incense Burner","Strawberry","Turnip","Singing Bowl"],"potions_floor_usage":[18,42,44,45,47,47],"damage_taken":[{"damage":2,"enemies":"2 Louse","floor":1,"turns":2},{"damage":2,"enemies":"Small Slimes","floor":2,"turns":3},{"damage":1,"enemies":"Cultist","floor":5,"turns":3},{"damage":16,"enemies":"3 Sentries","floor":7,"turns":8},{"damage":10,"enemies":"Gremlin Nob","floor":10,"turns":3},{"damage":7,"enemies":"Exordium Wildlife","floor":11,"turns":4},{"damage":14,"enemies":"Lagavulin","floor":14,"turns":3},{"damage":28,"enemies":"The Guardian","floor":16,"turns":9},{"damage":8,"enemies":"Spheric Guardian","floor":18,"turns":4},{"damage":5,"enemies":"3 Byrds","floor":21,"turns":5},{"damage":3,"enemies":"Snake Plant","floor":22,"turns":3},{"damage":12,"enemies":"Gremlin Leader","floor":24,"turns":5},{"damage":22,"enemies":"Slavers","floor":28,"turns":4},{"damage":0,"enemies":"Sentry and Sphere","floor":29,"turns":3},{"damage":12,"enemies":"Snecko","floor":30,"turns":4},{"damage":3,"enemies":"Chosen and Byrds","floor":31,"turns":3},{"damage":23,"enemies":"Champ","floor":33,"turns":8},{"damage":0,"enemies":"3 Shapes","floor":35,"turns":5},{"damage":23,"enemies":"Mind Bloom Boss Battle","floor":37,"turns":7},{"damage":18,"enemies":"Reptomancer","floor":40,"turns":4},{"damage":7,"enemies":"Orb Walker","floor":41,"turns":4},{"damage":33,"enemies":"2 Orb Walkers","floor":42,"turns":6},{"damage":48,"enemies":"Giant Head","floor":44,"turns":9},{"damage":20,"enemies":"Writhing Mass","floor":45,"turns":5},{"damage":22,"enemies":"Spire Growth","floor":46,"turns":5},{"damage":44,"enemies":"Nemesis","floor":47,"turns":7}],"seed_played":"5946310814487390318","potions_obtained":[{"floor":5,"key":"Block Potion"},{"floor":11,"key":"SkillPotion"},{"floor":24,"key":"GamblersBrew"},{"floor":30,"key":"BloodPotion"},{"floor":44,"key":"ColorlessPotion"},{"floor":45,"key":"Strength Potion"}],"is_trial":false,"path_per_floor":["M","M","?","?","M","R","E","R","T","E","M","R","$","E","R","B",null,"M","?","?","M","M","R","E","R","T","$","E","M","M","M","R","B",null,"M","?","?","$","?","E","M","?","T","E","M","M","E"],"character_chosen":"IRONCLAD","items_purchased":["Pen Nib","Regen Potion","Cleave","Offering","Incense Burner"],"campfire_rested":6,"item_purchase_floors":[13,13,27,38,38],"current_hp_per_floor":[78,76,65,65,64,80,64,80,80,70,63,80,80,66,80,61,80,75,75,75,73,73,73,78,92,92,92,73,73,64,64,94,86,106,110,96,77,77,67,77,70,57,57,38,22,6,0],"gold":361,"neow_bonus":"BOSS_RELIC","is_prod":false,"is_daily":false,"chose_seed":false,"campfire_upgraded":0,"win_rate":0,"timestamp":1620794210,"path_taken":["M","M","?","?","M","R","E","R","T","E","M","R","$","E","R","BOSS","M","?","?","?","M","R","E","R","T","$","E","M","M","M","R","BOSS","M","?","?","$","?","E","M","?","T","E","M","M","E"],"build_version":"2020-12-22","purchased_purges":0,"victory":false,"max_hp_per_floor":[80,80,80,80,80,80,80,80,80,80,80,80,80,80,80,80,80,83,83,83,86,89,89,92,92,92,92,95,95,98,101,101,101,106,110,110,114,114,114,125,125,129,129,133,137,137,137],"card_choices":[{"not_picked":["Combust","Thunderclap"],"picked":"Twin Strike","floor":1},{"not_picked":["Body Slam","Warcry"],"picked":"Wild Strike","floor":2},{"not_picked":["Rupture","Rampage"],"picked":"Inflame","floor":5},{"not_picked":["Rampage","Wild Strike"],"picked":"Whirlwind","floor":7},{"not_picked":["Battle Trance","Wild Strike"],"picked":"Sever Soul","floor":10},{"not_picked":["Sever Soul","Havoc"],"picked":"Heavy Blade","floor":11},{"not_picked":["Warcry","Heavy Blade"],"picked":"Reaper","floor":14},{"not_picked":["Double Tap","Demon Form"],"picked":"Feed","floor":16},{"not_picked":["Twin Strike","Thunderclap"],"picked":"Inflame","floor":18},{"not_picked":["Anger","Blood for Blood","Flex"],"picked":"SKIP","floor":21},{"not_picked":["Bloodletting","Heavy Blade"],"picked":"Feel No Pain","floor":22},{"not_picked":["Armaments+1","Combust"],"picked":"Twin Strike+1","floor":24},{"not_picked":["Warcry","Perfected Strike"],"picked":"Rage+1","floor":28},{"not_picked":["Whirlwind","Anger","Armaments"],"picked":"Sword Boomerang+1","floor":29},{"not_picked":["Metallicize","Armaments","Thunderclap"],"picked":"Clothesline+1","floor":30},{"not_picked":["Headbutt","Anger","Searing Blow"],"picked":"Flame Barrier","floor":31},{"not_picked":["Berserk","Feed","Brutality"],"picked":"Juggernaut","floor":33},{"not_picked":["Armaments+1","Perfected Strike","Sentinel"],"picked":"Ghostly Armor+1","floor":34},{"not_picked":["Flex+1","Clothesline+1","Pommel Strike+1"],"picked":"Sword Boomerang+1","floor":35},{"not_picked":["Pommel Strike","Intimidate","Cleave"],"picked":"Disarm+1","floor":37},{"not_picked":["Swift Strike","Sadistic Nature","Madness"],"picked":"Secret Weapon","floor":39},{"not_picked":["Dark Shackles","Dramatic Entrance","Sadistic Nature"],"picked":"Discovery","floor":39},{"not_picked":["Inflame","Perfected Strike","Offering"],"picked":"Shrug It Off+1","floor":40},{"not_picked":["Havoc","Cleave","Sword Boomerang+1"],"picked":"Dark Embrace+1","floor":41},{"not_picked":["True Grit+1","Dual Wield","Cleave"],"picked":"Impervious","floor":42},{"not_picked":["Headbutt","Whirlwind+1","Twin Strike+1"],"picked":"Limit Break","floor":44},{"not_picked":["Cleave","Havoc+1","Sword Boomerang"],"picked":"Heavy Blade+1","floor":45},{"not_picked":["Sword Boomerang","Power Through+1","Body Slam"],"picked":"Shrug It Off+1","floor":46}],"player_experience":330480,"relics_obtained":[{"floor":7,"key":"Ornamental Fan"},{"floor":9,"key":"Mercury Hourglass"},{"floor":10,"key":"Blue Candle"},{"floor":14,"key":"HornCleat"},{"floor":24,"key":"Oddly Smooth Stone"},{"floor":26,"key":"CeramicFish"},{"floor":28,"key":"Question Card"},{"floor":37,"key":"Charon\u0027s Ashes"},{"floor":40,"key":"Strawberry"},{"floor":42,"key":"Turnip"},{"floor":44,"key":"Singing Bowl"}],"event_choices":[{"damage_healed":0,"gold_gain":75,"player_choice":"Gather Gold","damage_taken":11,"max_hp_gain":0,"max_hp_loss":0,"event_name":"World of Goop","floor":3,"gold_loss":0},{"cards_removed":["Strike_R"],"damage_healed":0,"gold_gain":0,"player_choice":"Card Removal","damage_taken":0,"max_hp_gain":0,"max_hp_loss":0,"event_name":"The Cleric","floor":4,"gold_loss":50},{"damage_healed":0,"gold_gain":0,"player_choice":"Ignored","damage_taken":0,"max_hp_gain":0,"max_hp_loss":0,"event_name":"Ghosts","floor":19,"gold_loss":0},{"damage_healed":0,"gold_gain":0,"player_choice":"Copied","damage_taken":0,"max_hp_gain":0,"max_hp_loss":0,"event_name":"Duplicator","floor":20,"gold_loss":0,"cards_obtained":["Inflame"]},{"damage_healed":0,"gold_gain":0,"player_choice":"Embrace Madness","damage_taken":14,"max_hp_gain":0,"max_hp_loss":0,"event_name":"Winding Halls","floor":36,"gold_loss":0,"cards_obtained":["Madness","Madness"]},{"damage_healed":0,"gold_gain":0,"player_choice":"Fight","damage_taken":0,"max_hp_gain":0,"max_hp_loss":0,"event_name":"MindBloom","floor":37,"gold_loss":0},{"damage_healed":0,"gold_gain":0,"player_choice":"Memory 3","damage_taken":10,"max_hp_gain":0,"max_hp_loss":0,"event_name":"SensoryStone","floor":39,"gold_loss":0},{"damage_healed":0,"gold_gain":0,"player_choice":"Fight","damage_taken":0,"max_hp_gain":0,"max_hp_loss":0,"event_name":"Mysterious Sphere","floor":42,"gold_loss":0}],"is_beta":false,"boss_relics":[{"not_picked":["Cursed Key","Empty Cage"],"picked":"Pandora\u0027s Box"},{"not_picked":["Coffee Dripper","Black Star"],"picked":"Tiny House"}],"items_purged_floors":[],"is_endless":false,"potions_floor_spawned":[5,11,14,16,24,28,30,33,40,44,45],"killed_by":"Nemesis","ascension_level":1}