{"gold_per_floor":[110,110,129,54,71,71,104,104,104,179,179,179,196,196,196,294,294,312,282,58,69,69,69,69],"floor_reached":24,"playtime":672,"items_purged":["Defend_R"],"score":259,"play_id":"0b32e766-71fa-469f-b88b-2fe74cca04f2","local_time":"20210509141239","is_ascension_mode":true,"campfire_choices":[{"data":"Carnage","floor":6,"key":"SMITH"},{"data":"Seeing Red","floor":8,"key":"SMITH"},{"data":"Bash","floor":12,"key":"SMITH"},{"floor":15,"key":"REST"},{"data":"Corruption","floor":23,"key":"SMITH"}],"neow_cost":"NONE","seed_source_timestamp":1714622397940800,"circlet_count":0,"master_deck":["Strike_R+1","Strike_R+1","Strike_R+1","Strike_R+1","Strike_R+1","Defend_R+1","Defend_R+1","Defend_R+1","Bash+1","Anger+1","Perfected Strike","Carnage+1","Seeing Red+1","Exhume","Corruption+1","Seeing Red","Hemokinesis"],"relics":["Runic Pyramid","Eternal Feather","Matryoshka","Busted Crown","Bag of Marbles"],"potions_floor_usage":[21,24],"damage_taken":[{"damage":10,"enemies":"2 Louse","floor":1,"turns":4},{"damage":5,"enemies":"Small Slimes","floor":3,"turns":2},{"damage":2,"enemies":"Jaw Worm","floor":5,"turns":3},{"damage":20,"enemies":"Lagavulin","floor":7,"turns":5},{"damage":10,"enemies":"Lots of Slimes","floor":13,"turns":3},{"damage":37,"enemies":"Hexaghost","floor":16,"turns":7},{"damage":7,"enemies":"Chosen","floor":18,"turns":3},{"damage":29,"enemies":"2 Thieves","floor":21,"turns":3},{"damage":34,"enemies":"Shelled Parasite and Fungi","floor":24,"turns":3}],"seed_played":"7309318098090006059","potions_obtained":[{"floor":3,"key":"BlessingOfTheForge"},{"floor":7,"key":"AttackPotion"},{"floor":19,"key":"Swift Potion"},{"floor":19,"key":"LiquidBronze"},{"floor":21,"key":"SteroidPotion"}],"is_trial":false,"path_per_floor":["M","?","M","$","M","R","E","R","T","?","?","R","M","?","R","B",null,"M","?","$","M","?","R","M"],"character_chosen":"IRONCLAD","items_purchased":["Seeing Red","Bag of Marbles"],"campfire_rested":1,"item_purchase_floors":[20,20],"current_hp_per_floor":[62,46,41,41,39,39,19,25,25,14,14,20,10,10,40,3,61,54,54,54,25,25,34,0],"gold":69,"neow_bonus":"BOSS_RELIC","is_prod":false,"is_daily":false,"chose_seed":false,"campfire_upgraded":4,"win_rate":0,"timestamp":1620583959,"path_taken":["M","?","M","$","M","R","E","R","T","?","?","R","M","?","R","BOSS","M","?","$","?","?","R","M"],"build_version":"2020-12-22","purchased_purges":1,"victory":false,"max_hp_per_floor":[80,80,80,80,80,80,80,80,80,80,80,80,80,80,80,80,80,80,80,80,80,80,80,80],"card_choices":[{"not_picked":["Clash","Body Slam"],"picked":"Anger","floor":1},{"not_picked":["Fire Breathing","Thunderclap"],"picked":"Perfected Strike","floor":3},{"not_picked":["Anger","Flex"],"picked":"Carnage","floor":5},{"not_picked":["Body Slam","True Grit"],"picked":"Seeing Red","floor":7},{"not_picked":["Hemokinesis","Power Through"],"picked":"Exhume","floor":13},{"not_picked":["Impervious","Immolate"],"picked":"Corruption","floor":16},{"not_picked":["Anger"],"picked":"SKIP","floor":18},{"not_picked":[],"picked":"Hemokinesis","floor":21}],"player_experience":317184,"relics_obtained":[{"floor":7,"key":"Eternal Feather"},{"floor":9,"key":"Matryoshka"}],"event_choices":[{"damage_healed":0,"gold_gain":0,"player_choice":"Entered Light","damage_taken":16,"max_hp_gain":0,"max_hp_loss":0,"event_name":"Shining Light","floor":2,"gold_loss":0,"cards_upgraded":["Anger","Strike_R"]},{"damage_healed":0,"gold_gain":75,"player_choice":"Gather Gold","damage_taken":11,"max_hp_gain":0,"max_hp_loss":0,"event_name":"World of Goop","floor":10,"gold_loss":0},{"damage_healed":0,"gold_gain":0,"player_choice":"Ignored","damage_taken":0,"max_hp_gain":0,"max_hp_loss":0,"event_name":"Golden Idol","floor":11,"gold_loss":0},{"damage_healed":0,"gold_gain":0,"player_choice":"Ignored","damage_taken":0,"max_hp_gain":0,"max_hp_loss":0,"event_name":"Liars Game","floor":14,"gold_loss":0},{"damage_healed":0,"gold_gain":0,"player_choice":"Bought 2 Potions","damage_taken":0,"max_hp_gain":0,"max_hp_loss":0,"event_name":"The Woman in Blue","floor":19,"gold_loss":0},{"damage_healed":0,"gold_gain":0,"player_choice":"Simplicity","damage_taken":0,"max_hp_gain":0,"max_hp_loss":0,"event_name":"Back to Basics","floor":22,"gold_loss":0,"cards_upgraded":["Strike_R","Strike_R","Strike_R","Strike_R","Defend_R","Defend_R","Defend_R"]}],"is_beta":false,"boss_relics":[{"not_picked":["Mark of Pain","SacredBark"],"picked":"Busted Crown"}],"items_purged_floors":[4],"is_endless":false,"potions_floor_spawned":[3,7,21],"killed_by":"Shelled Parasite and Fungi","ascension_level":7}