{"gold_per_floor":[119,119,139,159,173,173,188,217,289,289,289,289,289,308,308,413,413,426,437,454,454,468,468,428,428],"floor_reached":25,"playtime":1037,"items_purged":[],"score":236,"play_id":"8e674743-7f2f-47aa-ab3d-38bbaa326e07","local_time":"20210525200750","is_ascension_mode":true,"campfire_choices":[{"data":"Havoc","floor":6,"key":"SMITH"},{"floor":11,"key":"REST"},{"data":"Bash","floor":13,"key":"SMITH"},{"data":"Twin Strike","floor":15,"key":"SMITH"},{"data":"Infernal Blade","floor":23,"key":"SMITH"}],"neow_cost":"NONE","seed_source_timestamp":1093854566890199,"circlet_count":0,"master_deck":["Bash+1","Twin Strike+1","Flame Barrier","Havoc+1","Sword Boomerang+1","Bloodletting+1","Offering","Double Tap","Seeing Red","Offering","Feel No Pain","Rampage","Havoc","Anger+1","Infernal Blade+1","Second Wind","Second Wind"],"relics":["Runic Pyramid","Eternal Feather","Matryoshka","Pandora\u0027s Box"],"potions_floor_usage":[5,14,18],"damage_taken":[{"damage":11,"enemies":"Cultist","floor":1,"turns":4},{"damage":2,"enemies":"2 Louse","floor":3,"turns":3},{"damage":1,"enemies":"Small Slimes","floor":4,"turns":3},{"damage":18,"enemies":"Gremlin Gang","floor":5,"turns":4},{"damage":1,"enemies":"2 Fungi Beasts","floor":7,"turns":3},{"damage":31,"enemies":"Lagavulin","floor":8,"turns":5},{"damage":22,"enemies":"Exordium Thugs","floor":14,"turns":5},{"damage":17,"enemies":"Slime Boss","floor":16,"turns":7},{"damage":9,"enemies":"3 Byrds","floor":18,"turns":3},{"damage":18,"enemies":"Chosen","floor":19,"turns":3},{"damage":15,"enemies":"Snake Plant","floor":20,"turns":4},{"damage":14,"enemies":"Snecko","floor":22,"turns":5},{"damage":36,"enemies":"Gremlin Leader","floor":25,"turns":5}],"seed_played":"-1191030578127764132","potions_obtained":[{"floor":1,"key":"Energy Potion"},{"floor":5,"key":"Swift Potion"},{"floor":7,"key":"Dexterity Potion"},{"floor":8,"key":"Regen Potion"},{"floor":19,"key":"EssenceOfSteel"}],"is_trial":false,"path_per_floor":["M","?","M","M","M","R","M","E","T","?","R","?","R","M","R","B",null,"M","M","M","?","M","R","?","E"],"character_chosen":"IRONCLAD","items_purchased":[],"campfire_rested":1,"item_purchase_floors":[],"current_hp_per_floor":[69,62,60,59,41,41,40,9,9,9,42,42,51,43,52,35,80,71,53,38,38,24,33,33,0],"gold":428,"neow_bonus":"BOSS_RELIC","is_prod":false,"is_daily":false,"chose_seed":false,"campfire_upgraded":4,"win_rate":0,"timestamp":1621987670,"path_taken":["M","?","M","M","M","R","M","E","T","?","R","?","R","M","R","BOSS","M","M","?","?","?","R","?","E"],"build_version":"2020-12-22","purchased_purges":0,"victory":false,"max_hp_per_floor":[80,80,80,80,80,80,80,80,80,80,80,80,80,80,80,80,80,80,80,80,80,80,80,80,80],"card_choices":[{"not_picked":["Thunderclap","Burning Pact"],"picked":"Twin Strike","floor":1},{"not_picked":["Evolve","Entrench"],"picked":"Flame Barrier","floor":3},{"not_picked":["Perfected Strike","Warcry"],"picked":"Havoc","floor":4},{"not_picked":["Clash","Pommel Strike"],"picked":"Sword Boomerang","floor":5},{"not_picked":["Shrug It Off","Clothesline"],"picked":"Bloodletting","floor":7},{"not_picked":["Headbutt","Iron Wave"],"picked":"Offering","floor":8},{"not_picked":["Sword Boomerang","Havoc","Twin Strike"],"picked":"SKIP","floor":14},{"not_picked":["Exhume","Barricade"],"picked":"Double Tap","floor":16},{"not_picked":["Shrug It Off","Feel No Pain"],"picked":"Second Wind","floor":18},{"not_picked":["Shrug It Off","Body Slam+1","Pommel Strike"],"picked":"SKIP","floor":19},{"not_picked":["Warcry+1","Double Tap"],"picked":"Second Wind","floor":20},{"not_picked":["Thunderclap","Havoc","Entrench"],"picked":"SKIP","floor":22}],"player_experience":384152,"relics_obtained":[{"floor":8,"key":"Eternal Feather"},{"floor":9,"key":"Matryoshka"}],"event_choices":[{"cards_removed":["Defend_R"],"damage_healed":0,"gold_gain":0,"player_choice":"Card Removal","damage_taken":7,"max_hp_gain":0,"max_hp_loss":0,"event_name":"Golden Wing","floor":2,"gold_loss":0},{"damage_healed":0,"gold_gain":0,"player_choice":"Ignored","damage_taken":0,"max_hp_gain":0,"max_hp_loss":0,"event_name":"Shining Light","floor":10,"gold_loss":0},{"damage_healed":0,"gold_gain":0,"player_choice":"Upgraded","damage_taken":0,"max_hp_gain":0,"max_hp_loss":0,"event_name":"Upgrade Shrine","floor":12,"gold_loss":0,"cards_upgraded":["Bloodletting"]},{"cards_removed":["Bloodletting"],"damage_healed":0,"gold_gain":0,"player_choice":"Card Removal","damage_taken":0,"max_hp_gain":0,"max_hp_loss":0,"event_name":"Wheel of Change","floor":21,"gold_loss":0},{"damage_healed":0,"gold_gain":0,"player_choice":"Upgraded Two","damage_taken":0,"max_hp_gain":0,"max_hp_loss":0,"event_name":"Designer","floor":24,"gold_loss":40,"cards_upgraded":["Sword Boomerang","Anger"]}],"is_beta":false,"boss_relics":[{"not_picked":["Snecko Eye","Tiny House"],"picked":"Pandora\u0027s Box"}],"items_purged_floors":[],"is_endless":false,"potions_floor_spawned":[1,5,7,8,19],"killed_by":"Gremlin Leader","ascension_level":3}