{"gold_per_floor":[116,136,146,162,178,178,210,222,234,279,291,303,315,402,414,522,534,564,576,600,636,7,41,61,61,130,130,143,161,161,180,180,277,277,290,303,71,90,115,149,198,223,250,250,250],"floor_reached":45,"playtime":2055,"items_purged":[],"score":870,"play_id":"87d2262f-837d-40da-8a2f-7855b0da6cdf","local_time":"20210720103013","is_ascension_mode":true,"campfire_choices":[{"data":"Bash","floor":6.0,"key":"SMITH"},{"floor":8.0,"key":"REST"},{"data":"Inflame","floor":11.0,"key":"SMITH"},{"data":"Sword Boomerang","floor":13.0,"key":"SMITH"},{"data":"Pommel Strike","floor":15.0,"key":"SMITH"},{"data":"RitualDagger","floor":25.0,"key":"SMITH"},{"data":"Shrug It Off","floor":30.0,"key":"SMITH"},{"data":"Whirlwind","floor":32.0,"key":"SMITH"},{"data":"1","floor":44,"key":"LIFT"}],"neow_cost":"TEN_PERCENT_HP_LOSS","seed_source_timestamp":459514049609900,"circlet_count":0,"master_deck":["AscendersBane","Strike_R","Strike_R","Strike_R","Strike_R","Strike_R","Defend_R","Defend_R","Defend_R","Defend_R","Bash+1","Iron Wave","Pommel Strike+1","Inflame+1","Thunderclap","Sword Boomerang+1","Immolate","RitualDagger+1","Shrug It Off+1","Whirlwind+1","True Grit+1","Warcry+1","True Grit+1","Inflame+1","Ghostly Armor+1","Whirlwind","Impervious+1","Rage+1","Sword Boomerang","Dark Shackles+1","Decay","Double Tap+1","Shrug It Off+1","Shame"],"special_seed":0,"relics":["Burning Blood","Magic Flower","MawBank","Eternal Feather","InkBottle","Velvet Choker","Juzu Bracelet","Mummified Hand","Toxic Egg 2","Bottled Tornado","Kunai","Cursed Key","Vajra","Darkstone Periapt","Girya","The Courier","Blood Vial"],"potions_floor_usage":[33,41,41,45],"damage_taken":[{"damage":1.0,"enemies":"Cultist","floor":1.0,"turns":3.0},{"damage":2.0,"enemies":"Small Slimes","floor":2.0,"turns":5.0},{"damage":7.0,"enemies":"Jaw Worm","floor":3.0,"turns":3.0},{"damage":12.0,"enemies":"Looter","floor":4.0,"turns":3.0},{"damage":17.0,"enemies":"Red Slaver","floor":5.0,"turns":4.0},{"damage":53.0,"enemies":"Lagavulin","floor":7.0,"turns":7.0},{"damage":19.0,"enemies":"Gremlin Nob","floor":10.0,"turns":4.0},{"damage":40.0,"enemies":"The Guardian","floor":16.0,"turns":13.0},{"damage":42.0,"enemies":"2 Thieves","floor":18.0,"turns":5.0},{"damage":7.0,"enemies":"Chosen","floor":20.0,"turns":3.0},{"damage":25.0,"enemies":"Slavers","floor":23.0,"turns":4.0},{"damage":22.0,"enemies":"Snecko","floor":24.0,"turns":4.0},{"damage":29.0,"enemies":"Snake Plant","floor":28.0,"turns":3.0},{"damage":0.0,"enemies":"Centurion and Healer","floor":29.0,"turns":4.0},{"damage":18.0,"enemies":"Shelled Parasite and Fungi","floor":31.0,"turns":4.0},{"damage":21,"enemies":"Collector","floor":33,"turns":5},{"damage":8,"enemies":"3 Shapes","floor":35,"turns":7},{"damage":3,"enemies":"3 Darklings","floor":36,"turns":3},{"damage":4,"enemies":"Sphere and 2 Shapes","floor":38,"turns":3},{"damage":24,"enemies":"Giant Head","floor":40,"turns":7},{"damage":13,"enemies":"2 Orb Walkers","floor":41,"turns":2},{"damage":31,"enemies":"Reptomancer","floor":42,"turns":7},{"damage":93,"enemies":"Nemesis","floor":45,"turns":8}],"seed_played":"-7456845747729133768","potions_obtained":[{"floor":1.0,"key":"SpeedPotion"},{"floor":7.0,"key":"Swift Potion"},{"floor":10.0,"key":"EntropicBrew"},{"floor":29.0,"key":"PowerPotion"},{"floor":31.0,"key":"EssenceOfSteel"},{"floor":33,"key":"Block Potion"},{"floor":41,"key":"BloodPotion"}],"is_trial":false,"path_per_floor":["M","M","M","M","M","R","E","R","T","E","R","?","R","?","R","B",null,"M","?","M","T","$","E","M","R","T","?","M","M","R","M","R","B",null,"M","M","$","M","T","E","?","E","T","R","E"],"character_chosen":"IRONCLAD","items_purchased":["Whirlwind","Mummified Hand","Toxic Egg 2","True Grit+1","Warcry+1","Vajra","Dark Shackles+1"],"campfire_rested":1,"item_purchase_floors":[22,22,22,22,22,37,37],"current_hp_per_floor":[72,72,72,69,61,61,17,38,38,28,37,42,51,40,49,18,62,29,23,25,25,25,44,31,43,43,43,23,32,47,38,53,41,68,69,75,75,77,77,62,58,36,42,60,0],"gold":250,"neow_bonus":"ONE_RARE_RELIC","is_prod":false,"is_daily":false,"chose_seed":false,"campfire_upgraded":7,"win_rate":0,"timestamp":1626791413,"path_taken":["M","M","M","M","M","R","E","R","T","E","R","?","R","?","R","BOSS","M","?","M","?","$","E","M","R","T","?","M","M","R","M","R","BOSS","M","M","$","M","?","E","?","E","T","R","E"],"build_version":"2020-12-22","purchased_purges":0,"victory":false,"max_hp_per_floor":[72,72,72,72,72,72,72,72,72,72,72,77,77,77,77,77,77,77,77,77,77,77,77,77,77,77,77,77,77,77,77,77,77,77,77,77,77,77,77,77,77,77,83,83,83],"card_choices":[{"not_picked":["Shrug It Off","Warcry"],"picked":"Iron Wave","floor":1.0},{"not_picked":["Combust","Wild Strike"],"picked":"Pommel Strike","floor":2.0},{"not_picked":["Searing Blow","Heavy Blade","Warcry"],"picked":"SKIP","floor":3.0},{"not_picked":["Sword Boomerang","Clash"],"picked":"Inflame","floor":4.0},{"not_picked":["Barricade","Infernal Blade"],"picked":"Thunderclap","floor":5.0},{"not_picked":["Body Slam","Sentinel","Heavy Blade"],"picked":"SKIP","floor":7.0},{"not_picked":["Rage","True Grit"],"picked":"Sword Boomerang","floor":10.0},{"not_picked":["Exhume","Berserk"],"picked":"Immolate","floor":16.0},{"not_picked":["Flex","Twin Strike","Sentinel"],"picked":"SKIP","floor":18.0},{"not_picked":["Heavy Blade","Uppercut"],"picked":"Shrug It Off","floor":20.0},{"not_picked":["Entrench+1","Immolate","Warcry+1"],"picked":"SKIP","floor":23.0},{"not_picked":["Sword Boomerang+1","Evolve+1"],"picked":"True Grit+1","floor":24.0},{"not_picked":["Anger","Iron Wave+1","Headbutt"],"picked":"SKIP","floor":28.0},{"not_picked":["Inflame","Body Slam"],"picked":"Ghostly Armor+1","floor":29.0},{"not_picked":["Twin Strike","Rupture"],"picked":"Whirlwind","floor":31.0},{"not_picked":["Feed","Demon Form"],"picked":"Impervious+1","floor":33},{"not_picked":["Headbutt","Flex+1"],"picked":"Rage+1","floor":35},{"not_picked":["Anger","Hemokinesis+1"],"picked":"Sword Boomerang","floor":36},{"not_picked":["Clash","Havoc+1","Anger"],"picked":"SKIP","floor":38},{"not_picked":["Armaments+1","Rampage"],"picked":"Double Tap+1","floor":40},{"not_picked":["Hemokinesis","Armaments+1"],"picked":"Shrug It Off+1","floor":42}],"player_experience":502929,"relics_obtained":[{"floor":7.0,"key":"MawBank"},{"floor":9.0,"key":"Eternal Feather"},{"floor":10.0,"key":"InkBottle"},{"floor":21.0,"key":"Juzu Bracelet"},{"floor":23.0,"key":"Bottled Tornado"},{"floor":26.0,"key":"Kunai"},{"floor":40,"key":"Darkstone Periapt"},{"floor":41,"key":"Girya"},{"floor":42,"key":"The Courier"},{"floor":43,"key":"Blood Vial"}],"event_choices":[{"damage_healed":0.0,"max_hp_gain":5.0,"max_hp_loss":0.0,"gold_gain":0.0,"event_name":"Big Fish","player_choice":"Donut","floor":12.0,"gold_loss":0.0,"damage_taken":0.0},{"damage_healed":0.0,"max_hp_gain":0.0,"max_hp_loss":0.0,"gold_gain":75.0,"event_name":"World of Goop","player_choice":"Gather Gold","floor":14.0,"gold_loss":0.0,"damage_taken":11.0},{"damage_healed":0.0,"max_hp_gain":0.0,"max_hp_loss":0.0,"gold_gain":0.0,"event_name":"Nest","player_choice":"Joined the Cult","floor":19.0,"gold_loss":0.0,"damage_taken":6.0,"cards_obtained":["RitualDagger"]},{"damage_healed":0.0,"max_hp_gain":0.0,"max_hp_loss":0.0,"gold_gain":0.0,"event_name":"Duplicator","player_choice":"Copied","floor":27.0,"gold_loss":0.0,"damage_taken":0.0,"cards_obtained":["Inflame"]},{"damage_healed":0,"gold_gain":0,"player_choice":"Fight","damage_taken":0,"max_hp_gain":0,"max_hp_loss":0,"event_name":"Mysterious Sphere","floor":41,"gold_loss":0}],"is_beta":false,"boss_relics":[{"not_picked":["Calling Bell","Astrolabe"],"picked":"Velvet Choker"},{"not_picked":["Runic Dome","Runic Pyramid"],"picked":"Cursed Key"}],"items_purged_floors":[],"is_endless":false,"potions_floor_spawned":[1,7,10,29,31,33,40,41],"killed_by":"Nemesis","ascension_level":12}