{"gold_per_floor":[109,109,125,136,147,147,178,178,225,26,60,60,76,86,86,184,184,197,197,222,240,240,275,275,275,275,302,56,91,111,140,140,239,239,250,262,262,281,291,291,308,308],"floor_reached":42,"playtime":2319,"items_purged":["Strike_R","Strike_R+1"],"score":832,"play_id":"65a330fc-d4c4-4efb-af30-1be1d490ca31","local_time":"20210716114615","is_ascension_mode":true,"campfire_choices":[{"data":"Uppercut","floor":6,"key":"SMITH"},{"data":"Armaments","floor":8,"key":"SMITH"},{"data":"Limit Break","floor":12,"key":"SMITH"},{"data":"True Grit","floor":15,"key":"SMITH"},{"floor":24,"key":"REST"},{"data":"1","floor":32,"key":"LIFT"},{"floor":40,"key":"REST"}],"neow_cost":"NONE","seed_source_timestamp":118409122857100,"circlet_count":0,"master_deck":["AscendersBane","Strike_R+1","Strike_R+1","Defend_R+1","Defend_R+1","Defend_R+1","Defend_R+1","Bash","Uppercut+1","Twin Strike","Armaments+1","Pommel Strike","Limit Break+1","Evolve","Inflame","Feel No Pain","True Grit+1","Impervious","Twin Strike+1","Necronomicurse","Thunderclap","Burning Pact","Demon Form","Bloodletting+1","Burning Pact","Offering","Sword Boomerang","Parasite","Dark Embrace"],"relics":["Burning Blood","NeowsBlessing","HornCleat","Strawberry","Fusion Hammer","Necronomicon","Red Mask","Bag of Marbles","Shuriken","Anchor","Lantern","Mango","Girya","Mark of Pain"],"potions_floor_usage":[7,11,18,20,23,27,29],"damage_taken":[{"damage":0,"enemies":"Jaw Worm","floor":1,"turns":1},{"damage":0,"enemies":"Cultist","floor":3,"turns":1},{"damage":0,"enemies":"Small Slimes","floor":4,"turns":1},{"damage":7,"enemies":"Blue Slaver","floor":5,"turns":4},{"damage":17,"enemies":"Lagavulin","floor":7,"turns":5},{"damage":33,"enemies":"Gremlin Nob","floor":11,"turns":6},{"damage":3,"enemies":"3 Louse","floor":13,"turns":4},{"damage":3,"enemies":"Looter","floor":14,"turns":3},{"damage":15,"enemies":"Hexaghost","floor":16,"turns":11},{"damage":12,"enemies":"2 Thieves","floor":18,"turns":5},{"damage":38,"enemies":"Masked Bandits","floor":20,"turns":6},{"damage":0,"enemies":"Chosen","floor":21,"turns":4},{"damage":20,"enemies":"Book of Stabbing","floor":23,"turns":6},{"damage":5,"enemies":"Slavers","floor":27,"turns":6},{"damage":0,"enemies":"Gremlin Leader","floor":29,"turns":5},{"damage":0,"enemies":"Centurion and Healer","floor":30,"turns":3},{"damage":3,"enemies":"Book of Stabbing","floor":31,"turns":4},{"damage":63,"enemies":"Automaton","floor":33,"turns":8},{"damage":6,"enemies":"Orb Walker","floor":35,"turns":1},{"damage":16,"enemies":"3 Shapes","floor":36,"turns":5},{"damage":29,"enemies":"Spire Growth","floor":38,"turns":5},{"damage":29,"enemies":"Jaw Worm Horde","floor":39,"turns":6},{"damage":20,"enemies":"Writhing Mass","floor":41,"turns":6},{"damage":42,"enemies":"Nemesis","floor":42,"turns":4}],"seed_played":"6812588626695761994","potions_obtained":[{"floor":1,"key":"AttackPotion"},{"floor":7,"key":"Explosive Potion"},{"floor":11,"key":"BloodPotion"},{"floor":14,"key":"EssenceOfSteel"},{"floor":21,"key":"Energy Potion"},{"floor":27,"key":"Swift Potion"},{"floor":31,"key":"Energy Potion"},{"floor":35,"key":"Fire Potion"},{"floor":39,"key":"Strength Potion"}],"is_trial":false,"path_per_floor":["M","?","M","M","M","R","E","R","T","$","E","R","M","M","R","B",null,"M","?","?","M","?","E","R","T","T","E","$","E","M","E","R","B",null,"M","M","?","M","M","R","M","E"],"character_chosen":"IRONCLAD","items_purchased":["Evolve","Block Potion","Lantern"],"campfire_rested":2,"item_purchase_floors":[10,10,28],"current_hp_per_floor":[78,78,80,80,79,79,68,68,75,75,48,48,51,54,54,45,77,71,55,40,46,46,32,58,58,58,59,59,79,85,88,88,31,84,84,74,69,46,23,53,39,0],"gold":308,"neow_bonus":"THREE_ENEMY_KILL","is_prod":false,"is_daily":false,"chose_seed":false,"campfire_upgraded":4,"win_rate":0,"timestamp":1626450375,"path_taken":["M","?","M","?","M","R","E","R","T","?","E","R","M","M","R","BOSS","M","?","?","M","?","E","R","?","T","E","$","E","M","E","R","BOSS","M","M","?","M","M","R","M","E"],"build_version":"2020-12-22","purchased_purges":2,"victory":false,"max_hp_per_floor":[80,80,80,80,80,80,80,80,87,87,87,87,87,87,87,87,87,87,87,87,87,87,87,87,87,87,87,87,101,101,101,101,101,101,101,101,101,101,101,101,101,101],"card_choices":[{"not_picked":["Perfected Strike","Headbutt"],"picked":"Uppercut","floor":1},{"not_picked":["Battle Trance","Headbutt"],"picked":"Twin Strike","floor":3},{"not_picked":["Clash","Flex"],"picked":"Armaments","floor":4},{"not_picked":["Havoc","Twin Strike"],"picked":"Pommel Strike","floor":5},{"not_picked":["Dropkick","Sentinel"],"picked":"Limit Break","floor":7},{"not_picked":["Flex","Feel No Pain"],"picked":"Inflame","floor":11},{"not_picked":["Sever Soul","Warcry"],"picked":"Feel No Pain","floor":13},{"not_picked":["Cleave","Havoc"],"picked":"True Grit","floor":14},{"not_picked":["Bludgeon","Brutality"],"picked":"Impervious","floor":16},{"not_picked":["Blood for Blood","Hemokinesis"],"picked":"Twin Strike+1","floor":18},{"not_picked":["Armaments","Sever Soul"],"picked":"Thunderclap","floor":21},{"not_picked":["Clash","Iron Wave"],"picked":"Burning Pact","floor":23},{"not_picked":["Dark Embrace+1","Reckless Charge"],"picked":"Demon Form","floor":27},{"not_picked":["Rupture","Feel No Pain"],"picked":"Bloodletting+1","floor":29},{"not_picked":["True Grit","Intimidate+1","Heavy Blade"],"picked":"SKIP","floor":30},{"not_picked":["Clothesline","Clash+1"],"picked":"Burning Pact","floor":31},{"not_picked":["Impervious","Double Tap"],"picked":"Offering","floor":33},{"not_picked":["Clash","Body Slam+1","Iron Wave+1"],"picked":"SKIP","floor":35},{"not_picked":["Carnage+1","Rage+1","Blood for Blood+1"],"picked":"SKIP","floor":36},{"not_picked":["Cleave","Heavy Blade"],"picked":"Sword Boomerang","floor":38},{"not_picked":["Pommel Strike","Havoc+1","Body Slam"],"picked":"SKIP","floor":39},{"not_picked":["Twin Strike+1","Anger+1"],"picked":"Dark Embrace","floor":41}],"player_experience":479767,"relics_obtained":[{"floor":7,"key":"HornCleat"},{"floor":9,"key":"Strawberry"},{"floor":19,"key":"Necronomicon"},{"floor":20,"key":"Red Mask"},{"floor":23,"key":"Bag of Marbles"},{"floor":25,"key":"Shuriken"},{"floor":27,"key":"Anchor"},{"floor":29,"key":"Mango"},{"floor":31,"key":"Girya"}],"event_choices":[{"cards_removed":["Strike_R"],"damage_healed":0,"gold_gain":0,"player_choice":"Purged","damage_taken":0,"max_hp_gain":0,"max_hp_loss":0,"event_name":"Purifier","floor":2,"gold_loss":0},{"damage_healed":0,"gold_gain":0,"player_choice":"Obtained Book","damage_taken":16,"max_hp_gain":0,"max_hp_loss":0,"event_name":"Cursed Tome","floor":19,"gold_loss":0},{"damage_healed":0,"gold_gain":0,"player_choice":"Fought Bandits","damage_taken":0,"max_hp_gain":0,"max_hp_loss":0,"event_name":"Masked Bandits","floor":20,"gold_loss":0},{"damage_healed":0,"gold_gain":0,"player_choice":"Simplicity","damage_taken":0,"max_hp_gain":0,"max_hp_loss":0,"event_name":"Back to Basics","floor":22,"gold_loss":0,"cards_upgraded":["Strike_R","Strike_R","Strike_R","Defend_R","Defend_R","Defend_R","Defend_R"]},{"damage_healed":0,"gold_gain":0,"player_choice":"Memory 2","damage_taken":5,"max_hp_gain":0,"max_hp_loss":0,"event_name":"SensoryStone","floor":37,"gold_loss":0}],"is_beta":false,"boss_relics":[{"not_picked":["Busted Crown","Tiny House"],"picked":"Fusion Hammer"},{"not_picked":["Runic Cube","Velvet Choker"],"picked":"Mark of Pain"}],"items_purged_floors":[10,28],"is_endless":false,"potions_floor_spawned":[1,7,11,14,21,27,31,35,39],"killed_by":"Nemesis","ascension_level":10}