{"gold_per_floor":[115,135,150,162,162,162,183,218,266,304,324,343,343,57,57,57],"floor_reached":16,"playtime":667,"items_purged":[],"score":182,"play_id":"5b2daafc-a510-40d9-96d6-5ff1af1b0917","local_time":"20210720104134","is_ascension_mode":true,"campfire_choices":[{"floor":6,"key":"REST"},{"floor":15,"key":"REST"}],"neow_cost":"NONE","seed_source_timestamp":461773471233600,"circlet_count":0,"master_deck":["AscendersBane","Strike_R","Strike_R","Strike_R","Strike_R","Strike_R+1","Defend_R","Defend_R","Defend_R","Defend_R","Bash+1","Demon Form","Headbutt","Infernal Blade","Cleave","Thunderclap","Bludgeon","Brutality","Shrug It Off","Warcry","Evolve","Metallicize","Second Wind"],"relics":["Burning Blood","Golden Idol","The Courier","Lantern","Blue Candle","Blood Vial"],"potions_floor_usage":[8,12],"damage_taken":[{"damage":7,"enemies":"Small Slimes","floor":1,"turns":4},{"damage":3,"enemies":"2 Louse","floor":2,"turns":4},{"damage":0,"enemies":"Cultist","floor":3,"turns":2},{"damage":30,"enemies":"Large Slime","floor":4,"turns":7},{"damage":7,"enemies":"Exordium Thugs","floor":7,"turns":4},{"damage":8,"enemies":"Gremlin Nob","floor":8,"turns":3},{"damage":20,"enemies":"Lagavulin","floor":10,"turns":5},{"damage":11,"enemies":"3 Louse","floor":11,"turns":2},{"damage":19,"enemies":"Exordium Wildlife","floor":12,"turns":3},{"damage":45,"enemies":"Slime Boss","floor":16,"turns":8}],"seed_played":"8938359714519031504","potions_obtained":[{"floor":1,"key":"Energy Potion"},{"floor":2,"key":"LiquidMemories"},{"floor":7,"key":"Strength Potion"},{"floor":10,"key":"SneckoOil"},{"floor":12,"key":"Ancient Potion"}],"is_trial":false,"path_per_floor":["M","M","M","M","?","R","M","E","T","E","M","M","?","$","R","B"],"character_chosen":"IRONCLAD","items_purchased":["Evolve","Metallicize","Second Wind","Blood Vial"],"campfire_rested":2,"item_purchase_floors":[14,14,14,14],"current_hp_per_floor":[71,74,80,56,36,60,59,57,57,43,38,25,9,9,33,0],"gold":57,"neow_bonus":"ONE_RANDOM_RARE_CARD","is_prod":false,"is_daily":false,"chose_seed":false,"campfire_upgraded":0,"win_rate":0,"timestamp":1626792094,"path_taken":["M","M","M","M","?","R","M","E","T","E","M","M","?","$","R","BOSS"],"build_version":"2020-12-22","purchased_purges":0,"victory":false,"max_hp_per_floor":[80,80,80,80,80,80,80,80,80,80,80,80,80,80,80,80],"card_choices":[{"not_picked":["Pommel Strike","Thunderclap"],"picked":"Headbutt","floor":1},{"not_picked":["Shrug It Off","Exhume"],"picked":"Infernal Blade","floor":2},{"not_picked":["Havoc","Headbutt"],"picked":"Cleave","floor":3},{"not_picked":["Sentinel","Power Through"],"picked":"Thunderclap","floor":4},{"not_picked":["Sentinel","Thunderclap","Pommel Strike"],"picked":"SKIP","floor":7},{"not_picked":["Clothesline","Spot Weakness"],"picked":"Bludgeon","floor":8},{"not_picked":["Carnage","Reckless Charge"],"picked":"Brutality","floor":10},{"not_picked":["Whirlwind","Rage"],"picked":"Shrug It Off","floor":11},{"not_picked":["Bloodletting","Cleave"],"picked":"Warcry","floor":12}],"player_experience":504984,"relics_obtained":[{"floor":8,"key":"The Courier"},{"floor":9,"key":"Lantern"},{"floor":10,"key":"Blue Candle"}],"event_choices":[{"damage_healed":0,"gold_gain":0,"player_choice":"Take Damage","damage_taken":20,"relics_obtained":["Golden Idol"],"max_hp_gain":0,"max_hp_loss":0,"event_name":"Golden Idol","floor":5,"gold_loss":0},{"damage_healed":0,"gold_gain":0,"player_choice":"Entered Light","damage_taken":16,"max_hp_gain":0,"max_hp_loss":0,"event_name":"Shining Light","floor":13,"gold_loss":0,"cards_upgraded":["Strike_R","Bash"]}],"is_beta":false,"boss_relics":[],"items_purged_floors":[],"is_endless":false,"potions_floor_spawned":[1,2,7,10,12],"killed_by":"Slime Boss","ascension_level":12}