{"gold_per_floor":[112,123,137,137,152,152,181,194,194,229,229,242,260,295,295,397,397,409,409,79,91,103,103,129,129,129,129,177,177,211,231,231,231],"floor_reached":33,"playtime":1402,"items_purged":["Strike_R"],"score":531,"play_id":"0f41c9e7-728a-4f01-b121-941b5b6744cf","local_time":"20210720153458","is_ascension_mode":true,"campfire_choices":[{"floor":6,"key":"DIG"},{"floor":11,"key":"DIG"},{"data":"Shockwave","floor":15,"key":"SMITH"},{"floor":23,"key":"DIG"},{"floor":25,"key":"DIG"},{"floor":32,"key":"DIG"}],"neow_cost":"NONE","seed_source_timestamp":478642333893400,"circlet_count":0,"master_deck":["AscendersBane","Strike_R","Strike_R","Defend_R","Defend_R+1","Defend_R","Defend_R","Bash","Perfected Strike","Headbutt","Carnage","Twin Strike","Battle Trance+1","Uppercut","Bloodletting","Shockwave+1","Offering+1","Rage+1","Impervious","Bludgeon","Body Slam","Inflame"],"relics":["Burning Blood","Shovel","Meat on the Bone","Thread and Needle","Kunai","War Paint","Toy Ornithopter","Coffee Dripper","Paper Frog","Sundial","Singing Bowl","Potion Belt","Letter Opener","Pen Nib","Happy Flower","Juzu Bracelet"],"potions_floor_usage":[8,10,14,22,24,33],"damage_taken":[{"damage":2,"enemies":"Small Slimes","floor":1,"turns":4},{"damage":2,"enemies":"2 Louse","floor":2,"turns":2},{"damage":1,"enemies":"Cultist","floor":3,"turns":3},{"damage":0,"enemies":"Large Slime","floor":5,"turns":4},{"damage":30,"enemies":"3 Sentries","floor":7,"turns":8},{"damage":13,"enemies":"Exordium Wildlife","floor":8,"turns":4},{"damage":12,"enemies":"Gremlin Nob","floor":10,"turns":3},{"damage":2,"enemies":"Looter","floor":12,"turns":3},{"damage":3,"enemies":"2 Fungi Beasts","floor":13,"turns":3},{"damage":9,"enemies":"3 Sentries","floor":14,"turns":4},{"damage":30,"enemies":"Hexaghost","floor":16,"turns":7},{"damage":6,"enemies":"3 Byrds","floor":18,"turns":5},{"damage":6,"enemies":"Shell Parasite","floor":21,"turns":2},{"damage":0,"enemies":"Snecko","floor":22,"turns":3},{"damage":38,"enemies":"Slavers","floor":24,"turns":6},{"damage":11,"enemies":"Gremlin Leader","floor":30,"turns":4},{"damage":6,"enemies":"3 Cultists","floor":31,"turns":4},{"damage":72,"enemies":"Champ","floor":33,"turns":6}],"seed_played":"-4417479522481905527","potions_obtained":[{"floor":1,"key":"LiquidMemories"},{"floor":8,"key":"FearPotion"},{"floor":10,"key":"Explosive Potion"},{"floor":12,"key":"Explosive Potion"},{"floor":18,"key":"Ancient Potion"},{"floor":31,"key":"AttackPotion"}],"is_trial":false,"path_per_floor":["M","M","M","?","M","R","E","M","T","E","R","M","M","E","R","B",null,"M","?","$","M","M","R","E","R","T","?","T","?","E","M","R","B"],"character_chosen":"IRONCLAD","items_purchased":["Paper Frog"],"campfire_rested":0,"item_purchase_floors":[20],"current_hp_per_floor":[76,80,80,77,80,80,56,49,49,55,55,59,62,59,59,47,72,72,72,72,72,80,80,48,48,48,48,48,48,57,57,57,0],"gold":231,"neow_bonus":"THREE_CARDS","is_prod":false,"is_daily":false,"chose_seed":false,"campfire_upgraded":1,"win_rate":0,"timestamp":1626809698,"path_taken":["M","M","M","?","M","R","E","M","T","E","R","M","M","E","R","BOSS","M","?","$","M","?","R","E","R","T","?","?","?","E","M","R","BOSS"],"build_version":"2020-12-22","purchased_purges":1,"victory":false,"max_hp_per_floor":[80,80,80,80,80,80,80,80,80,80,80,80,80,80,80,80,80,80,80,80,80,80,80,80,80,80,80,80,80,82,82,82,82],"card_choices":[{"not_picked":["Body Slam","Warcry"],"picked":"Perfected Strike","floor":0},{"not_picked":["Infernal Blade","Shrug It Off"],"picked":"Headbutt","floor":1},{"not_picked":["Clash","Burning Pact"],"picked":"Carnage","floor":2},{"not_picked":["Metallicize","Second Wind"],"picked":"Twin Strike","floor":3},{"not_picked":["Iron Wave","Body Slam","Anger"],"picked":"SKIP","floor":5},{"not_picked":["Rampage","True Grit","Headbutt"],"picked":"SKIP","floor":7},{"not_picked":["Clash","Iron Wave"],"picked":"Battle Trance","floor":8},{"not_picked":["Bloodletting","Wild Strike"],"picked":"Uppercut","floor":10},{"not_picked":["Sentinel","Clothesline"],"picked":"Bloodletting","floor":12},{"not_picked":["Warcry","Wild Strike","Infernal Blade"],"picked":"SKIP","floor":13},{"not_picked":["Intimidate","Exhume"],"picked":"Shockwave","floor":14},{"not_picked":["Brutality","Barricade"],"picked":"Offering","floor":16},{"not_picked":["Cleave","Carnage"],"picked":"Rage+1","floor":18},{"not_picked":["Armaments","Headbutt+1","Dual Wield"],"picked":"SKIP","floor":21},{"not_picked":["Wild Strike","Havoc","Seeing Red"],"picked":"SKIP","floor":22},{"not_picked":["Havoc","Twin Strike+1"],"picked":"Impervious","floor":24},{"not_picked":["Infernal Blade","Sword Boomerang","Flex"],"picked":"Singing Bowl","floor":30},{"not_picked":["Flex","Cleave"],"picked":"Inflame","floor":31}],"player_experience":505651,"relics_obtained":[{"floor":6,"key":"Meat on the Bone"},{"floor":7,"key":"Thread and Needle"},{"floor":10,"key":"Kunai"},{"floor":11,"key":"War Paint"},{"floor":14,"key":"Toy Ornithopter"},{"floor":23,"key":"Sundial"},{"floor":24,"key":"Singing Bowl"},{"floor":25,"key":"Potion Belt"},{"floor":26,"key":"Letter Opener"},{"floor":28,"key":"Pen Nib"},{"floor":30,"key":"Happy Flower"},{"floor":32,"key":"Juzu Bracelet"}],"event_choices":[{"damage_healed":0,"gold_gain":0,"player_choice":"Success","damage_taken":3,"relics_obtained":["Shovel"],"max_hp_gain":0,"max_hp_loss":0,"event_name":"Scrap Ooze","floor":4,"gold_loss":0},{"damage_healed":0,"gold_gain":0,"player_choice":"Upgraded","damage_taken":0,"max_hp_gain":0,"max_hp_loss":0,"event_name":"Upgrade Shrine","floor":19,"gold_loss":0,"cards_upgraded":["Offering"]},{"damage_healed":0,"gold_gain":0,"cards_transformed":["Strike_R","Strike_R"],"player_choice":"Became Test Subject","damage_taken":0,"max_hp_gain":0,"max_hp_loss":0,"event_name":"Drug Dealer","floor":27,"gold_loss":0,"cards_obtained":["Bludgeon","Body Slam"]},{"damage_healed":0,"gold_gain":0,"player_choice":"Ignored","damage_taken":0,"max_hp_gain":0,"max_hp_loss":0,"event_name":"Ghosts","floor":29,"gold_loss":0}],"is_beta":false,"boss_relics":[{"not_picked":["Astrolabe","Mark of Pain"],"picked":"Coffee Dripper"}],"items_purged_floors":[20],"is_endless":false,"potions_floor_spawned":[1,8,10,12,18,31],"killed_by":"Champ","ascension_level":12}