{"gold_per_floor":[112,130,55,67,78,103,117,131,131,181,193,203,232,67,67,67],"floor_reached":16,"playtime":571,"items_purged":["Strike_R"],"score":307,"play_id":"556d1a65-3f6c-4658-893a-ae05d2854f24","local_time":"20210823233039","is_ascension_mode":true,"campfire_choices":[{"data":"Fiend Fire","floor":15,"key":"SMITH"}],"neow_cost":"NONE","seed_source_timestamp":1114096175351399,"circlet_count":0,"master_deck":["AscendersBane","Strike_R","Strike_R","Strike_R","Defend_R","Defend_R","Defend_R","Defend_R","Bash","Feed","Clothesline","Rupture","Cleave","Fiend Fire+1","Inflame","Bloodletting","True Grit","Reaper","Metallicize"],"special_seed":0,"relics":["Burning Blood","Gremlin Horn","Centennial Puzzle"],"potions_floor_usage":[13,16],"damage_taken":[{"damage":7.0,"enemies":"Jaw Worm","floor":1.0,"turns":3.0},{"damage":7.0,"enemies":"2 Louse","floor":2.0,"turns":3.0},{"damage":3.0,"enemies":"Cultist","floor":4.0,"turns":4.0},{"damage":20.0,"enemies":"3 Louse","floor":5.0,"turns":5.0},{"damage":45.0,"enemies":"Gremlin Nob","floor":6.0,"turns":6.0},{"damage":1.0,"enemies":"2 Fungi Beasts","floor":7.0,"turns":4.0},{"damage":0.0,"enemies":"Lots of Slimes","floor":8.0,"turns":2.0},{"damage":4.0,"enemies":"Red Slaver","floor":11.0,"turns":2.0},{"damage":9.0,"enemies":"Looter","floor":12.0,"turns":4.0},{"damage":3,"enemies":"Lagavulin","floor":13,"turns":4},{"damage":57,"enemies":"Slime Boss","floor":16,"turns":10}],"seed_played":"5873844641138808869","potions_obtained":[{"floor":4.0,"key":"ColorlessPotion"},{"floor":5.0,"key":"SkillPotion"},{"floor":6.0,"key":"Swift Potion"},{"floor":8.0,"key":"Explosive Potion"}],"is_trial":false,"path_per_floor":["M","M","?","M","M","E","M","M","T","?","M","M","E","$","R","B"],"character_chosen":"IRONCLAD","items_purchased":["Metallicize"],"campfire_rested":0,"item_purchase_floors":[14],"current_hp_per_floor":[70,72,72,78,67,31,36,45,45,36,38,38,41,41,41,0],"gold":67,"neow_bonus":"ONE_RANDOM_RARE_CARD","is_prod":false,"is_daily":false,"chose_seed":false,"campfire_upgraded":1,"win_rate":0,"timestamp":1629775839,"path_taken":["M","M","?","M","M","E","M","M","T","?","M","?","E","$","R","BOSS"],"build_version":"2020-12-22","purchased_purges":1,"victory":false,"max_hp_per_floor":[78,81,81,84,87,90,90,93,93,93,93,96,96,96,96,96],"card_choices":[{"not_picked":["Fire Breathing","Wild Strike"],"picked":"Clothesline","floor":1.0},{"not_picked":["Body Slam","Burning Pact","Heavy Blade"],"picked":"SKIP","floor":2.0},{"not_picked":["Flex","Shockwave"],"picked":"Rupture","floor":4.0},{"not_picked":["Clothesline","Twin Strike"],"picked":"Cleave","floor":5.0},{"not_picked":["Twin Strike","Blood for Blood"],"picked":"Fiend Fire","floor":6.0},{"not_picked":["Sword Boomerang","Perfected Strike"],"picked":"Inflame","floor":7.0},{"not_picked":["Sentinel","Dropkick"],"picked":"Bloodletting","floor":8.0},{"not_picked":["Perfected Strike","Entrench","Cleave"],"picked":"SKIP","floor":11.0},{"not_picked":["Burning Pact","Perfected Strike"],"picked":"True Grit","floor":12.0},{"not_picked":["Spot Weakness","Cleave"],"picked":"Reaper","floor":13}],"player_experience":712700,"relics_obtained":[{"floor":6.0,"key":"Gremlin Horn"},{"floor":9.0,"key":"Centennial Puzzle"}],"event_choices":[{"cards_removed":["Strike_R"],"damage_healed":0.0,"max_hp_gain":0.0,"max_hp_loss":0.0,"gold_gain":0.0,"event_name":"The Cleric","player_choice":"Card Removal","floor":3.0,"gold_loss":75.0,"damage_taken":0.0},{"damage_healed":0.0,"max_hp_gain":0.0,"max_hp_loss":0.0,"gold_gain":50.0,"event_name":"FaceTrader","player_choice":"Touch","floor":10.0,"gold_loss":0.0,"damage_taken":9.0}],"is_beta":false,"boss_relics":[],"items_purged_floors":[14],"is_endless":false,"potions_floor_spawned":[4,5,6,8,11],"killed_by":"Slime Boss","ascension_level":20}