{"gold_per_floor":[111,130,140,8,8,8,40,51,51,79,92,92,109,129,129,129],"floor_reached":16,"playtime":725,"items_purged":["Strike_R"],"score":228,"play_id":"e6bf01cb-b2af-4f31-9ae5-542c9c7b10f5","local_time":"20210827152855","is_ascension_mode":true,"campfire_choices":[{"data":"Whirlwind","floor":6.0,"key":"SMITH"},{"data":"Uppercut","floor":12.0,"key":"SMITH"},{"data":"Limit Break","floor":15.0,"key":"SMITH"}],"neow_cost":"NONE","seed_source_timestamp":188413710351500,"circlet_count":0,"master_deck":["AscendersBane","Strike_R","Strike_R","Strike_R","Strike_R","Defend_R","Defend_R","Defend_R","Defend_R","Bash+1","Headbutt","Whirlwind+1","Spot Weakness","Limit Break+1","Pommel Strike","Clothesline","Uppercut+1","Battle Trance"],"special_seed":0,"relics":["Burning Blood","Matryoshka","HornCleat","TungstenRod","Dream Catcher"],"potions_floor_usage":[],"damage_taken":[{"damage":19.0,"enemies":"Small Slimes","floor":1.0,"turns":6.0},{"damage":7.0,"enemies":"Cultist","floor":2.0,"turns":4.0},{"damage":1.0,"enemies":"2 Louse","floor":3.0,"turns":2.0},{"damage":32.0,"enemies":"Gremlin Nob","floor":7.0,"turns":4.0},{"damage":11.0,"enemies":"Blue Slaver","floor":8.0,"turns":4.0},{"damage":14.0,"enemies":"Lagavulin","floor":10.0,"turns":5.0},{"damage":0.0,"enemies":"2 Fungi Beasts","floor":11.0,"turns":2.0},{"damage":4.0,"enemies":"Red Slaver","floor":13.0,"turns":3.0},{"damage":12.0,"enemies":"Gremlin Gang","floor":14.0,"turns":2.0},{"damage":27,"enemies":"Slime Boss","floor":16,"turns":3}],"seed_played":"-3699989981570953297","potions_obtained":[{"floor":2.0,"key":"ElixirPotion"},{"floor":7.0,"key":"SteroidPotion"},{"floor":10.0,"key":"DuplicationPotion"}],"is_trial":false,"path_per_floor":["M","M","M","$","?","R","E","M","T","E","M","R","M","M","R","B"],"character_chosen":"IRONCLAD","items_purchased":["SteroidPotion"],"campfire_rested":0,"item_purchase_floors":[4],"current_hp_per_floor":[55,54,59,59,59,59,33,28,28,20,26,26,28,22,22,0],"gold":129,"neow_bonus":"UPGRADE_CARD","is_prod":false,"is_daily":false,"chose_seed":false,"campfire_upgraded":3,"win_rate":0,"timestamp":1630092535,"path_taken":["M","M","M","$","?","R","E","M","T","E","?","R","M","M","R","BOSS"],"build_version":"2020-12-22","purchased_purges":1,"victory":false,"max_hp_per_floor":[75,75,75,75,75,75,75,75,75,75,75,75,75,75,75,75],"card_choices":[{"not_picked":["Flex","Pommel Strike"],"picked":"Headbutt","floor":1.0},{"not_picked":["Iron Wave","Dual Wield"],"picked":"Whirlwind","floor":2.0},{"not_picked":["Warcry","Blood for Blood"],"picked":"Spot Weakness","floor":3.0},{"not_picked":["Wild Strike","Heavy Blade"],"picked":"Pommel Strike","floor":7.0},{"not_picked":["Rupture","Cleave"],"picked":"Clothesline","floor":8.0},{"not_picked":["Clothesline","Flex"],"picked":"Uppercut","floor":10.0},{"not_picked":["Evolve","Heavy Blade"],"picked":"Battle Trance","floor":11.0},{"not_picked":["Cleave","Armaments","Twin Strike"],"picked":"SKIP","floor":13.0},{"not_picked":["Clash","Wild Strike","Infernal Blade"],"picked":"SKIP","floor":14.0}],"player_experience":767997,"relics_obtained":[{"floor":7.0,"key":"Matryoshka"},{"floor":9.0,"key":"HornCleat"},{"floor":9.0,"key":"TungstenRod"},{"floor":10.0,"key":"Dream Catcher"}],"event_choices":[{"damage_healed":0.0,"max_hp_gain":0.0,"max_hp_loss":0.0,"gold_gain":0.0,"event_name":"Match and Keep!","player_choice":"1 cards matched","floor":5.0,"gold_loss":0.0,"damage_taken":0.0,"cards_obtained":["Limit Break"]}],"is_beta":false,"boss_relics":[],"items_purged_floors":[4],"is_endless":false,"potions_floor_spawned":[2,7,10,11],"killed_by":"Slime Boss","ascension_level":20}