{"gold_per_floor":[114,128,147,165,165,195,195,229,229,229,243,254,269,294,294,369,369,384,384,136,152,152,152,185,197,197,208,224,255,266,300,300,300],"floor_reached":33,"playtime":1267,"items_purged":["Strike_R"],"score":687,"play_id":"d52d3eb8-d3ea-48df-bea0-6b1246931cda","local_time":"20210829233641","is_ascension_mode":true,"campfire_choices":[{"data":"Cleave","floor":10,"key":"SMITH"},{"data":"Fiend Fire","floor":15,"key":"SMITH"},{"data":"Feed","floor":23,"key":"SMITH"},{"data":"Battle Trance","floor":32,"key":"SMITH"}],"neow_cost":"NONE","seed_source_timestamp":390139632038000,"circlet_count":0,"master_deck":["AscendersBane","Strike_R","Strike_R","Strike_R","Defend_R","Defend_R","Defend_R","Defend_R","Bash","Pommel Strike","Ghostly Armor","Headbutt","Battle Trance+1","Pommel Strike","Cleave+1","Flame Barrier+1","Clothesline","Anger","Fiend Fire+1","Feed+1","Whirlwind+1","Disarm","Power Through","Exhume","Cleave+1","Havoc+1"],"relics":["Burning Blood","NeowsBlessing","Darkstone Periapt","Pocketwatch","Du-Vu Doll","Bird Faced Urn","Coffee Dripper","Bag of Marbles","Strawberry","Frozen Egg 2","Red Skull","Blood Vial"],"potions_floor_usage":[6,14,16,16,24,28,29,29,31],"damage_taken":[{"damage":0,"enemies":"2 Louse","floor":1,"turns":1},{"damage":0,"enemies":"Small Slimes","floor":2,"turns":2},{"damage":0,"enemies":"Cultist","floor":3,"turns":1},{"damage":7,"enemies":"Looter","floor":4,"turns":4},{"damage":10,"enemies":"Gremlin Nob","floor":6,"turns":3},{"damage":25,"enemies":"3 Sentries","floor":8,"turns":5},{"damage":4,"enemies":"Red Slaver","floor":11,"turns":3},{"damage":1,"enemies":"Blue Slaver","floor":12,"turns":4},{"damage":1,"enemies":"Looter","floor":13,"turns":3},{"damage":23,"enemies":"Lagavulin","floor":14,"turns":6},{"damage":12,"enemies":"Hexaghost","floor":16,"turns":9},{"damage":0,"enemies":"Chosen","floor":18,"turns":5},{"damage":0,"enemies":"3 Byrds","floor":21,"turns":3},{"damage":28,"enemies":"Book of Stabbing","floor":24,"turns":5},{"damage":0,"enemies":"Snake Plant","floor":25,"turns":3},{"damage":8,"enemies":"Centurion and Healer","floor":27,"turns":6},{"damage":32,"enemies":"Shelled Parasite and Fungi","floor":28,"turns":3},{"damage":47,"enemies":"Gremlin Leader","floor":29,"turns":8},{"damage":0,"enemies":"Snecko","floor":30,"turns":2},{"damage":39,"enemies":"Slavers","floor":31,"turns":4},{"damage":16,"enemies":"Collector","floor":33,"turns":2}],"seed_played":"1199827876628533177","potions_obtained":[{"floor":4,"key":"Strength Potion"},{"floor":6,"key":"BloodPotion"},{"floor":11,"key":"Block Potion"},{"floor":14,"key":"AttackPotion"},{"floor":16,"key":"Fire Potion"},{"floor":18,"key":"DistilledChaos"},{"floor":24,"key":"Fruit Juice"},{"floor":28,"key":"Strength Potion"},{"floor":30,"key":"Regen Potion"}],"is_trial":false,"path_per_floor":["M","M","M","M","?","E","?","E","T","R","M","M","M","E","R","B",null,"M","?","$","M","?","R","E","M","T","M","M","E","M","E","R","B"],"character_chosen":"IRONCLAD","items_purchased":["Bag of Marbles"],"campfire_rested":0,"item_purchase_floors":[20],"current_hp_per_floor":[74,75,75,74,79,75,75,56,56,56,58,63,68,67,67,61,75,80,80,80,83,83,83,72,82,82,84,63,22,28,7,7,0],"gold":300,"neow_bonus":"THREE_ENEMY_KILL","is_prod":false,"is_daily":false,"chose_seed":false,"campfire_upgraded":4,"win_rate":0,"timestamp":1630294601,"path_taken":["M","M","M","M","?","E","?","E","T","R","M","M","M","E","R","BOSS","M","?","$","M","?","R","E","?","T","M","M","E","M","E","R","BOSS"],"build_version":"2020-12-22","purchased_purges":1,"victory":false,"max_hp_per_floor":[75,75,75,75,80,80,80,80,80,80,80,80,80,80,80,80,80,80,80,80,83,83,83,94,98,98,102,107,107,107,107,107,107],"card_choices":[{"not_picked":["Twin Strike","Shrug It Off"],"picked":"Pommel Strike","floor":1},{"not_picked":["Dark Embrace","Wild Strike"],"picked":"Ghostly Armor","floor":2},{"not_picked":["Pommel Strike","True Grit"],"picked":"Headbutt","floor":3},{"not_picked":["Flex","Power Through"],"picked":"Battle Trance","floor":4},{"not_picked":["Exhume","Flex"],"picked":"Pommel Strike","floor":6},{"not_picked":["Iron Wave","Twin Strike"],"picked":"Flame Barrier","floor":8},{"not_picked":["Sword Boomerang","Intimidate"],"picked":"Clothesline","floor":11},{"not_picked":["Havoc","Shrug It Off"],"picked":"Anger","floor":12},{"not_picked":["Clash","Thunderclap","Sever Soul"],"picked":"SKIP","floor":13},{"not_picked":["Dark Embrace","Warcry"],"picked":"Fiend Fire","floor":14},{"not_picked":["Berserk","Limit Break"],"picked":"Feed","floor":16},{"not_picked":["Clothesline","Anger"],"picked":"Whirlwind+1","floor":18},{"not_picked":["Sword Boomerang","Fire Breathing+1","Anger"],"picked":"SKIP","floor":21},{"not_picked":["Searing Blow","Burning Pact"],"picked":"Power Through","floor":24},{"not_picked":["Armaments","Carnage+1"],"picked":"Exhume","floor":25},{"not_picked":["Fire Breathing+1","Whirlwind","Havoc"],"picked":"SKIP","floor":27},{"not_picked":["Power Through","Searing Blow","Heavy Blade"],"picked":"SKIP","floor":28},{"not_picked":["Perfected Strike","Thunderclap"],"picked":"Cleave+1","floor":29},{"not_picked":["Flame Barrier","Reckless Charge"],"picked":"Havoc+1","floor":30},{"not_picked":["Rupture+1","Sever Soul","Warcry"],"picked":"SKIP","floor":31}],"player_experience":779872,"relics_obtained":[{"floor":6,"key":"Darkstone Periapt"},{"floor":8,"key":"Pocketwatch"},{"floor":9,"key":"Du-Vu Doll"},{"floor":14,"key":"Bird Faced Urn"},{"floor":24,"key":"Strawberry"},{"floor":26,"key":"Frozen Egg 2"},{"floor":29,"key":"Red Skull"},{"floor":31,"key":"Blood Vial"}],"event_choices":[{"damage_healed":0,"gold_gain":0,"player_choice":"Donut","damage_taken":0,"max_hp_gain":5,"max_hp_loss":0,"event_name":"Big Fish","floor":5,"gold_loss":0},{"damage_healed":0,"gold_gain":0,"cards_transformed":["Strike_R"],"player_choice":"Transformed","damage_taken":0,"max_hp_gain":0,"max_hp_loss":0,"event_name":"Transmorgrifier","floor":7,"gold_loss":0,"cards_obtained":["Cleave"]},{"damage_healed":0,"gold_gain":0,"player_choice":"Read","damage_taken":0,"max_hp_gain":0,"max_hp_loss":0,"event_name":"The Library","floor":19,"gold_loss":0,"cards_obtained":["Disarm"]},{"damage_healed":0,"gold_gain":0,"player_choice":"Upgraded","damage_taken":0,"max_hp_gain":0,"max_hp_loss":0,"event_name":"Upgrade Shrine","floor":22,"gold_loss":0,"cards_upgraded":["Flame Barrier"]}],"is_beta":false,"boss_relics":[{"not_picked":["Ectoplasm","Fusion Hammer"],"picked":"Coffee Dripper"}],"items_purged_floors":[20],"is_endless":false,"potions_floor_spawned":[4,6,11,14,16,18,24,28,30],"killed_by":"Collector","ascension_level":20}