{"gold_per_floor":[119,138,138,26,45,45,78,78,78,104,118,135,135,147,147,147],"floor_reached":16,"playtime":649,"items_purged":["Strike_R"],"score":224,"play_id":"345f6d17-65c4-4224-aeef-98ceba03ae20","local_time":"20210902174905","is_ascension_mode":true,"campfire_choices":[{"data":"Body Slam","floor":6,"key":"SMITH"},{"data":"Juggernaut","floor":8,"key":"SMITH"},{"data":"Power Through","floor":13,"key":"SMITH"},{"data":"Bash","floor":15,"key":"SMITH"}],"neow_cost":"NONE","seed_source_timestamp":7746290360700,"circlet_count":0,"master_deck":["AscendersBane","Strike_R","Strike_R","Strike_R","Defend_R","Defend_R","Defend_R","Defend_R","Bash+1","Juggernaut+1","Power Through+1","Twin Strike","Feel No Pain","Body Slam+1","Pommel Strike+1","Headbutt+1","Pommel Strike+1","Impervious"],"special_seed":0,"relics":["Burning Blood","Incense Burner","Molten Egg 2","Torii"],"potions_floor_usage":[7,10,11,16],"damage_taken":[{"damage":11,"enemies":"Jaw Worm","floor":1,"turns":5},{"damage":2,"enemies":"Cultist","floor":2,"turns":4},{"damage":0,"enemies":"2 Louse","floor":5,"turns":2},{"damage":5,"enemies":"Lagavulin","floor":7,"turns":6},{"damage":29,"enemies":"Gremlin Nob","floor":10,"turns":4},{"damage":12,"enemies":"Gremlin Gang","floor":11,"turns":4},{"damage":21,"enemies":"Large Slime","floor":12,"turns":6},{"damage":2,"enemies":"Looter","floor":14,"turns":4},{"damage":40,"enemies":"Hexaghost","floor":16,"turns":11}],"seed_played":"9216713533684789826","potions_obtained":[{"floor":1,"key":"Strength Potion"},{"floor":2,"key":"LiquidMemories"},{"floor":7,"key":"BlessingOfTheForge"},{"floor":10,"key":"Fire Potion"}],"is_trial":false,"path_per_floor":["M","M","?","$","M","R","E","R","T","E","M","M","R","M","R","B"],"character_chosen":"IRONCLAD","items_purchased":["Feel No Pain"],"campfire_rested":0,"item_purchase_floors":[4],"current_hp_per_floor":[63,67,67,67,73,73,74,74,74,51,45,30,30,34,34,0],"gold":147,"neow_bonus":"ONE_RANDOM_RARE_CARD","is_prod":false,"is_daily":false,"chose_seed":false,"campfire_upgraded":4,"win_rate":0,"timestamp":1630619345,"path_taken":["M","M","?","$","M","R","E","R","T","E","M","M","R","?","R","BOSS"],"build_version":"2020-12-22","purchased_purges":1,"victory":false,"max_hp_per_floor":[75,75,75,75,75,75,75,75,75,75,75,75,75,75,75,75],"card_choices":[{"not_picked":["Pummel","Perfected Strike"],"picked":"Power Through","floor":1},{"not_picked":["Wild Strike","Disarm"],"picked":"Twin Strike","floor":2},{"not_picked":["Shockwave","Headbutt"],"picked":"Body Slam","floor":5},{"not_picked":["Perfected Strike","Thunderclap","Flex"],"picked":"SKIP","floor":7},{"not_picked":["Battle Trance","Inflame"],"picked":"Pommel Strike+1","floor":10},{"not_picked":["True Grit","Pommel Strike+1"],"picked":"Headbutt+1","floor":11},{"not_picked":["Anger+1","Seeing Red"],"picked":"Pommel Strike+1","floor":12},{"not_picked":["Shrug It Off","Havoc"],"picked":"Impervious","floor":14}],"player_experience":802126,"relics_obtained":[{"floor":7,"key":"Incense Burner"},{"floor":9,"key":"Molten Egg 2"},{"floor":10,"key":"Torii"}],"event_choices":[{"cards_removed":["Strike_R"],"damage_healed":0,"gold_gain":0,"player_choice":"Offered Basic","damage_taken":0,"max_hp_gain":0,"max_hp_loss":0,"event_name":"Bonfire Elementals","floor":3,"gold_loss":0}],"is_beta":false,"boss_relics":[],"items_purged_floors":[4],"is_endless":false,"potions_floor_spawned":[1,2,7,10],"killed_by":"Hexaghost","ascension_level":20}