{"gold_per_floor":[110,110,129,141,154,184,203,203,227,302,302,1,1,1,1,80,80,96,96,45,65,65,65],"floor_reached":23,"playtime":1017,"items_purged":["Strike_R"],"score":378,"play_id":"a1c4d1ca-282c-47c8-bb6e-6366072108f8","local_time":"20210826192334","is_ascension_mode":true,"campfire_choices":[{"data":"True Grit","floor":8,"key":"SMITH"},{"data":"Infernal Blade","floor":15,"key":"SMITH"}],"neow_cost":"NONE","seed_source_timestamp":116008640527800,"circlet_count":0,"master_deck":["AscendersBane","Strike_R","Strike_R+1","Strike_R","Defend_R","Defend_R","Defend_R","Defend_R","Bash","Offering","Wild Strike+1","Ghostly Armor+1","Feel No Pain","Infernal Blade+1","True Grit+1","Anger+1","Corruption","Uppercut","Searing Blow","Shrug It Off","Thunderclap","True Grit+1"],"relics":["Burning Blood","Bottled Tornado","Dream Catcher","Toy Ornithopter","Philosopher\u0027s Stone"],"potions_floor_usage":[5,16,16,23,23],"damage_taken":[{"damage":12,"enemies":"Small Slimes","floor":1,"turns":5},{"damage":2,"enemies":"Cultist","floor":3,"turns":4},{"damage":0,"enemies":"2 Louse","floor":4,"turns":2},{"damage":6,"enemies":"Large Slime","floor":5,"turns":9},{"damage":38,"enemies":"Gremlin Nob","floor":6,"turns":4},{"damage":9,"enemies":"Blue Slaver","floor":7,"turns":2},{"damage":33,"enemies":"Slime Boss","floor":16,"turns":11},{"damage":36,"enemies":"Spheric Guardian","floor":18,"turns":6},{"damage":24,"enemies":"Shell Parasite","floor":21,"turns":5},{"damage":25,"enemies":"Book of Stabbing","floor":23,"turns":5}],"seed_played":"-735743101529190246","potions_obtained":[{"floor":1,"key":"DistilledChaos"},{"floor":5,"key":"Explosive Potion"},{"floor":6,"key":"ColorlessPotion"},{"floor":18,"key":"Fire Potion"},{"floor":21,"key":"EssenceOfSteel"}],"is_trial":false,"path_per_floor":["M","?","M","M","M","E","M","R","T","?","?","$","?","?","R","B",null,"M","?","$","M","?","E"],"character_chosen":"IRONCLAD","items_purchased":["Toy Ornithopter","Fire Potion","Shrug It Off"],"campfire_rested":0,"item_purchase_floors":[12,12,20],"current_hp_per_floor":[62,62,66,72,72,40,37,37,37,26,3,3,3,28,28,11,59,29,29,29,11,11,0],"gold":65,"neow_bonus":"ONE_RANDOM_RARE_CARD","is_prod":false,"is_daily":false,"chose_seed":false,"campfire_upgraded":2,"win_rate":0,"timestamp":1630020214,"path_taken":["M","?","M","M","?","E","M","R","T","?","?","?","?","?","R","BOSS","M","?","?","M","?","E"],"build_version":"2020-12-22","purchased_purges":1,"victory":false,"max_hp_per_floor":[75,75,75,75,75,75,75,75,75,75,75,75,75,75,75,75,75,75,75,75,75,75,75],"card_choices":[{"not_picked":["Dark Embrace","Thunderclap"],"picked":"Wild Strike","floor":1},{"not_picked":["Disarm","Shrug It Off"],"picked":"Ghostly Armor","floor":3},{"not_picked":["Searing Blow","Power Through"],"picked":"Feel No Pain","floor":4},{"not_picked":["Inflame","Headbutt"],"picked":"Infernal Blade","floor":5},{"not_picked":["Pommel Strike","Wild Strike"],"picked":"True Grit","floor":6},{"not_picked":["Corruption","Wild Strike"],"picked":"Anger","floor":7},{"not_picked":["Barricade","Berserk"],"picked":"Corruption","floor":16},{"not_picked":["Heavy Blade+1","Inflame"],"picked":"Uppercut","floor":18},{"not_picked":["Iron Wave","Perfected Strike"],"picked":"Thunderclap","floor":21}],"player_experience":752178,"relics_obtained":[{"floor":6,"key":"Bottled Tornado"},{"floor":9,"key":"Dream Catcher"}],"event_choices":[{"damage_healed":0,"gold_gain":0,"player_choice":"Upgraded","damage_taken":0,"max_hp_gain":0,"max_hp_loss":0,"event_name":"Upgrade Shrine","floor":2,"gold_loss":0,"cards_upgraded":["Wild Strike"]},{"damage_healed":0,"gold_gain":75,"player_choice":"Gather Gold","damage_taken":11,"max_hp_gain":0,"max_hp_loss":0,"event_name":"World of Goop","floor":10,"gold_loss":0},{"damage_healed":0,"gold_gain":0,"player_choice":"Entered Light","damage_taken":23,"max_hp_gain":0,"max_hp_loss":0,"event_name":"Shining Light","floor":11,"gold_loss":0,"cards_upgraded":["Strike_R","Ghostly Armor"]},{"damage_healed":0,"gold_gain":0,"player_choice":"Grow","damage_taken":0,"max_hp_gain":0,"max_hp_loss":0,"event_name":"Living Wall","floor":13,"gold_loss":0,"cards_upgraded":["Anger"]},{"damage_healed":25,"gold_gain":0,"player_choice":"Banana","damage_taken":0,"max_hp_gain":0,"max_hp_loss":0,"event_name":"Big Fish","floor":14,"gold_loss":0},{"damage_healed":0,"gold_gain":0,"cards_transformed":["Strike_R"],"player_choice":"Transformed","damage_taken":0,"max_hp_gain":0,"max_hp_loss":0,"event_name":"Transmorgrifier","floor":19,"gold_loss":0,"cards_obtained":["Searing Blow"]},{"damage_healed":0,"gold_gain":0,"player_choice":"Copied","damage_taken":0,"max_hp_gain":0,"max_hp_loss":0,"event_name":"Duplicator","floor":22,"gold_loss":0,"cards_obtained":["True Grit"]}],"is_beta":false,"boss_relics":[{"not_picked":["Snecko Eye","Calling Bell"],"picked":"Philosopher\u0027s Stone"}],"items_purged_floors":[12],"is_endless":false,"potions_floor_spawned":[1,5,6,18,21],"killed_by":"Book of Stabbing","ascension_level":20}