{"gold_per_floor":[110,125,142,142,162,162,189,205,205,268,285,316,337,387,387,462,462,382,382,35,35,35,35,35,35,35,35,35,35,35,35,35,35],"floor_reached":33,"playtime":1394,"items_purged":["Strike_R"],"score":619,"play_id":"2b1cc0e1-9f94-452f-abb2-ea03fbb39936","local_time":"20210920145116","is_ascension_mode":true,"campfire_choices":[{"data":"Bludgeon","floor":6,"key":"SMITH"},{"data":"Evolve","floor":15,"key":"SMITH"},{"floor":23,"key":"REST"},{"floor":28,"key":"REST"},{"data":"Corruption","floor":30,"key":"SMITH"},{"floor":32,"key":"REST"}],"neow_cost":"NONE","seed_source_timestamp":305988570297300,"circlet_count":0,"master_deck":["AscendersBane","Strike_R","Strike_R","Strike_R","Defend_R","Defend_R","Defend_R","Defend_R","Bash","Bludgeon+1","Anger","Shockwave","Feed","Twin Strike","Evolve+1","Shrug It Off","Wild Strike","Offering","Necronomicurse","Flame Barrier","Fiend Fire","Reckless Charge+1","Feel No Pain","Corruption+1","Shrug It Off","Battle Trance+1"],"relics":["Burning Blood","Ancient Tea Set","Happy Flower","Art of War","The Courier","Odd Mushroom","Ectoplasm","Necronomicon","Toolbox","Potion Belt","Paper Frog","Orichalcum","Oddly Smooth Stone","Sundial"],"potions_floor_usage":[11,12,16,25,33,33],"damage_taken":[{"damage":6,"enemies":"Cultist","floor":1,"turns":3},{"damage":0,"enemies":"Small Slimes","floor":2,"turns":2},{"damage":12,"enemies":"Jaw Worm","floor":3,"turns":3},{"damage":19,"enemies":"Exordium Thugs","floor":5,"turns":4},{"damage":15,"enemies":"Lagavulin","floor":7,"turns":6},{"damage":18,"enemies":"Red Slaver","floor":8,"turns":5},{"damage":8,"enemies":"Gremlin Nob","floor":10,"turns":3},{"damage":16,"enemies":"Large Slime","floor":11,"turns":5},{"damage":8,"enemies":"3 Sentries","floor":12,"turns":7},{"damage":13,"enemies":"The Mushroom Lair","floor":13,"turns":4},{"damage":30,"enemies":"Slime Boss","floor":16,"turns":11},{"damage":26,"enemies":"2 Thieves","floor":18,"turns":4},{"damage":14,"enemies":"Shell Parasite","floor":21,"turns":4},{"damage":14,"enemies":"Snecko","floor":24,"turns":3},{"damage":39,"enemies":"Gremlin Leader","floor":25,"turns":4},{"damage":6,"enemies":"Snake Plant","floor":27,"turns":1},{"damage":24,"enemies":"Slavers","floor":29,"turns":6},{"damage":3,"enemies":"Centurion and Healer","floor":31,"turns":6},{"damage":82,"enemies":"Collector","floor":33,"turns":7}],"seed_played":"-5179602622808830179","potions_obtained":[{"floor":2,"key":"Weak Potion"},{"floor":5,"key":"BlessingOfTheForge"},{"floor":10,"key":"BloodPotion"},{"floor":11,"key":"Fruit Juice"},{"floor":12,"key":"ElixirPotion"},{"floor":16,"key":"BlessingOfTheForge"},{"floor":21,"key":"Fire Potion"},{"floor":29,"key":"Strength Potion"}],"is_trial":false,"path_per_floor":["M","M","M","?","M","R","E","M","T","?","M","E","?","?","R","B",null,"M","?","$","M","?","R","M","E","T","M","R","E","R","M","R","B"],"character_chosen":"IRONCLAD","items_purchased":["Toolbox","Potion Belt","Flame Barrier"],"campfire_rested":3,"item_purchase_floors":[20,20,20],"current_hp_per_floor":[68,74,68,68,55,55,46,34,34,32,40,41,34,34,34,18,71,54,33,33,25,25,52,47,14,14,14,42,27,27,33,63,0],"gold":35,"neow_bonus":"ONE_RANDOM_RARE_CARD","is_prod":false,"is_daily":false,"chose_seed":false,"campfire_upgraded":3,"win_rate":0,"timestamp":1632163876,"path_taken":["M","M","M","?","?","R","E","M","T","?","M","E","?","?","R","BOSS","M","?","$","M","?","R","M","E","T","M","R","E","R","?","R","BOSS"],"build_version":"2020-12-22","purchased_purges":1,"victory":false,"max_hp_per_floor":[75,75,75,75,75,75,75,75,75,75,78,81,81,81,81,89,89,92,92,92,92,92,92,95,95,95,95,95,98,98,101,101,101],"card_choices":[{"not_picked":["Shockwave","Heavy Blade"],"picked":"Anger","floor":1},{"not_picked":["Thunderclap","Dual Wield","Pummel"],"picked":"SKIP","floor":2},{"not_picked":["Sword Boomerang","Twin Strike","Shrug It Off"],"picked":"SKIP","floor":3},{"not_picked":["Heavy Blade","Cleave"],"picked":"Shockwave","floor":5},{"not_picked":["Ghostly Armor","Pummel"],"picked":"Feed","floor":7},{"not_picked":["Sword Boomerang","Thunderclap"],"picked":"Twin Strike","floor":8},{"not_picked":["Thunderclap","Dropkick"],"picked":"Evolve","floor":10},{"not_picked":["Havoc","Clash"],"picked":"Shrug It Off","floor":11},{"not_picked":["Pummel","Clothesline","Rage"],"picked":"SKIP","floor":12},{"not_picked":["Clothesline","Perfected Strike"],"picked":"Wild Strike","floor":13},{"not_picked":["Bludgeon","Barricade"],"picked":"Offering","floor":16},{"not_picked":["Sentinel","Perfected Strike","Flex"],"picked":"SKIP","floor":18},{"not_picked":["Sword Boomerang","Armaments"],"picked":"Fiend Fire","floor":21},{"not_picked":["Clothesline","Armaments"],"picked":"Reckless Charge+1","floor":24},{"not_picked":["Perfected Strike","Shockwave"],"picked":"Feel No Pain","floor":25},{"not_picked":["Clothesline","Evolve"],"picked":"Corruption","floor":27},{"not_picked":["Hemokinesis","Body Slam"],"picked":"Shrug It Off","floor":29},{"not_picked":["Flex","Entrench"],"picked":"Battle Trance+1","floor":31}],"player_experience":897821,"relics_obtained":[{"floor":7,"key":"Ancient Tea Set"},{"floor":9,"key":"Happy Flower"},{"floor":10,"key":"Art of War"},{"floor":12,"key":"The Courier"},{"floor":13,"key":"Odd Mushroom"},{"floor":19,"key":"Necronomicon"},{"floor":22,"key":"Paper Frog"},{"floor":25,"key":"Orichalcum"},{"floor":26,"key":"Oddly Smooth Stone"},{"floor":29,"key":"Sundial"}],"event_choices":[{"cards_removed":["Strike_R"],"damage_healed":0,"gold_gain":0,"player_choice":"Purged","damage_taken":0,"max_hp_gain":0,"max_hp_loss":0,"event_name":"Purifier","floor":4,"gold_loss":0},{"damage_healed":0,"gold_gain":30,"player_choice":"Searched \u00272\u0027 times","damage_taken":0,"max_hp_gain":0,"max_hp_loss":0,"event_name":"Dead Adventurer","floor":10,"gold_loss":0},{"damage_healed":0,"gold_gain":0,"player_choice":"Fought Mushrooms","damage_taken":0,"max_hp_gain":0,"max_hp_loss":0,"event_name":"Mushrooms","floor":13,"gold_loss":0},{"damage_healed":0,"gold_gain":50,"player_choice":"Pray","damage_taken":0,"max_hp_gain":0,"max_hp_loss":0,"event_name":"Golden Shrine","floor":14,"gold_loss":0},{"damage_healed":0,"gold_gain":0,"player_choice":"Obtained Book","damage_taken":21,"max_hp_gain":0,"max_hp_loss":0,"event_name":"Cursed Tome","floor":19,"gold_loss":0},{"damage_healed":0,"gold_gain":0,"player_choice":"Relic","damage_taken":0,"max_hp_gain":0,"max_hp_loss":0,"event_name":"Wheel of Change","floor":22,"gold_loss":0}],"is_beta":false,"boss_relics":[{"not_picked":["Black Blood","Busted Crown"],"picked":"Ectoplasm"}],"items_purged_floors":[20],"is_endless":false,"potions_floor_spawned":[2,5,10,11,12,16,21,29],"killed_by":"Collector","ascension_level":20}