{"gold_per_floor":[115,127,140,140,159,159,200,200,223,223,259,259,283,308,308,308],"floor_reached":16,"playtime":538,"items_purged":[],"score":220,"play_id":"9aec986b-1ea1-4088-8571-8b29286627f0","local_time":"20210918201847","is_ascension_mode":true,"campfire_choices":[{"data":"Bash","floor":10,"key":"SMITH"},{"data":"Blood for Blood","floor":12,"key":"SMITH"},{"data":"Pommel Strike","floor":15,"key":"SMITH"}],"neow_cost":"NONE","seed_source_timestamp":153695238541400,"circlet_count":0,"master_deck":["AscendersBane","Strike_R","Strike_R","Strike_R","Strike_R","Strike_R","Defend_R+1","Defend_R","Defend_R","Defend_R+1","Bash+1","Pommel Strike+1","Anger","Reckless Charge","Blood for Blood+1","Shrug It Off","Headbutt"],"relics":["Burning Blood","NeowsBlessing","Golden Idol","Nunchaku","Orichalcum","Vajra","Lantern"],"potions_floor_usage":[7,11,16],"damage_taken":[{"damage":0,"enemies":"2 Louse","floor":1,"turns":1},{"damage":0,"enemies":"Jaw Worm","floor":2,"turns":1},{"damage":0,"enemies":"Small Slimes","floor":3,"turns":1},{"damage":12,"enemies":"Looter","floor":5,"turns":4},{"damage":31,"enemies":"3 Sentries","floor":7,"turns":9},{"damage":24,"enemies":"Lagavulin","floor":11,"turns":6},{"damage":1,"enemies":"Lots of Slimes","floor":14,"turns":4},{"damage":31,"enemies":"Hexaghost","floor":16,"turns":9}],"seed_played":"6163947211800097531","potions_obtained":[{"floor":5,"key":"Dexterity Potion"},{"floor":7,"key":"ColorlessPotion"},{"floor":11,"key":"SkillPotion"}],"is_trial":false,"path_per_floor":["M","M","M","?","M","?","E","?","T","R","E","R","T","M","R","B"],"character_chosen":"IRONCLAD","items_purchased":[],"campfire_rested":0,"item_purchase_floors":[],"current_hp_per_floor":[74,75,75,52,46,46,21,43,43,43,25,25,25,30,30,0],"gold":308,"neow_bonus":"THREE_ENEMY_KILL","is_prod":false,"is_daily":false,"chose_seed":false,"campfire_upgraded":3,"win_rate":0,"timestamp":1632010727,"path_taken":["M","M","M","?","M","?","E","?","T","R","E","R","?","M","R","BOSS"],"build_version":"2020-12-22","purchased_purges":0,"victory":false,"max_hp_per_floor":[75,75,75,75,75,68,68,68,68,68,68,68,68,68,68,68],"card_choices":[{"not_picked":["True Grit","Headbutt"],"picked":"Pommel Strike","floor":1},{"not_picked":["Dark Embrace","Metallicize"],"picked":"Anger","floor":2},{"not_picked":["Anger","True Grit"],"picked":"Reckless Charge","floor":3},{"not_picked":["Heavy Blade","Spot Weakness"],"picked":"Blood for Blood","floor":5},{"not_picked":["Pommel Strike","Thunderclap","Juggernaut"],"picked":"SKIP","floor":7},{"not_picked":["Body Slam","Sword Boomerang"],"picked":"Shrug It Off","floor":11},{"not_picked":["Anger","True Grit"],"picked":"Headbutt","floor":14}],"player_experience":874369,"relics_obtained":[{"floor":7,"key":"Nunchaku"},{"floor":9,"key":"Orichalcum"},{"floor":11,"key":"Vajra"},{"floor":13,"key":"Lantern"}],"event_choices":[{"damage_healed":0,"gold_gain":0,"player_choice":"Entered Light","damage_taken":23,"max_hp_gain":0,"max_hp_loss":0,"event_name":"Shining Light","floor":4,"gold_loss":0,"cards_upgraded":["Defend_R","Defend_R"]},{"damage_healed":0,"gold_gain":0,"player_choice":"Lose Max HP","damage_taken":0,"relics_obtained":["Golden Idol"],"max_hp_gain":0,"max_hp_loss":7,"event_name":"Golden Idol","floor":6,"gold_loss":0},{"damage_healed":22,"gold_gain":0,"player_choice":"Banana","damage_taken":0,"max_hp_gain":0,"max_hp_loss":0,"event_name":"Big Fish","floor":8,"gold_loss":0}],"is_beta":false,"boss_relics":[],"items_purged_floors":[],"is_endless":false,"potions_floor_spawned":[5,7,11],"killed_by":"Hexaghost","ascension_level":20}