{"gold_per_floor":[20,33,33,58,81,81,114,114,137,160,160,184,209,209],"floor_reached":14,"playtime":745,"items_purged":[],"score":184,"play_id":"3c2841fb-1876-4a02-bafb-076975d44c23","local_time":"20210919154543","is_ascension_mode":true,"campfire_choices":[{"data":"Apotheosis","floor":6,"key":"SMITH"},{"data":"Bash","floor":8,"key":"SMITH"}],"neow_cost":"NO_GOLD","seed_source_timestamp":223504670114800,"circlet_count":0,"master_deck":["AscendersBane","Strike_R","Strike_R","Strike_R","Strike_R","Strike_R","Defend_R","Defend_R","Defend_R","Defend_R","Bash+1","Apotheosis+1","Infernal Blade","Twin Strike","Headbutt","Anger","Body Slam","Shrug It Off"],"relics":["Burning Blood","Golden Idol","Dream Catcher","Regal Pillow","Strawberry","Oddly Smooth Stone"],"potions_floor_usage":[5,7,14],"damage_taken":[{"damage":8,"enemies":"Small Slimes","floor":1,"turns":4},{"damage":7,"enemies":"Jaw Worm","floor":2,"turns":5},{"damage":0,"enemies":"Cultist","floor":4,"turns":4},{"damage":17,"enemies":"3 Louse","floor":5,"turns":5},{"damage":9,"enemies":"Lagavulin","floor":7,"turns":7},{"damage":24,"enemies":"Exordium Wildlife","floor":10,"turns":4},{"damage":24,"enemies":"Gremlin Gang","floor":13,"turns":4},{"damage":30,"enemies":"Gremlin Nob","floor":14,"turns":3}],"seed_played":"-4165101555489141354","potions_obtained":[{"floor":1,"key":"EssenceOfSteel"},{"floor":2,"key":"Energy Potion"},{"floor":7,"key":"BloodPotion"}],"is_trial":false,"path_per_floor":["M","M","?","M","M","R","E","R","T","M","?","T","M","E"],"character_chosen":"IRONCLAD","items_purchased":[],"campfire_rested":0,"item_purchase_floors":[],"current_hp_per_floor":[66,65,65,68,57,57,54,54,54,36,32,32,14,0],"gold":209,"neow_bonus":"RANDOM_COLORLESS_2","is_prod":false,"is_daily":false,"chose_seed":false,"campfire_upgraded":2,"win_rate":0,"timestamp":1632080743,"path_taken":["M","M","?","M","M","R","E","R","T","M","?","?","M","E"],"build_version":"2020-12-22","purchased_purges":0,"victory":false,"max_hp_per_floor":[75,75,68,68,68,68,68,68,68,68,75,75,75,75],"card_choices":[{"not_picked":["Metamorphosis","Transmutation"],"picked":"Apotheosis","floor":0},{"not_picked":["Armaments","Dual Wield","Sentinel"],"picked":"SKIP","floor":1},{"not_picked":["Second Wind","Entrench"],"picked":"Infernal Blade","floor":2},{"not_picked":["Burning Pact","True Grit"],"picked":"Twin Strike","floor":4},{"not_picked":["Combust","Clothesline"],"picked":"Headbutt","floor":5},{"not_picked":["Dropkick","Whirlwind"],"picked":"Anger","floor":7},{"not_picked":["Iron Wave","Anger"],"picked":"Body Slam","floor":10},{"not_picked":["Seeing Red","Clash"],"picked":"Shrug It Off","floor":13}],"player_experience":890225,"relics_obtained":[{"floor":7,"key":"Dream Catcher"},{"floor":9,"key":"Regal Pillow"},{"floor":12,"key":"Oddly Smooth Stone"}],"event_choices":[{"damage_healed":0,"gold_gain":0,"player_choice":"Lose Max HP","damage_taken":0,"relics_obtained":["Golden Idol"],"max_hp_gain":0,"max_hp_loss":7,"event_name":"Golden Idol","floor":3,"gold_loss":0},{"damage_healed":0,"gold_gain":0,"player_choice":"Success","damage_taken":11,"relics_obtained":["Strawberry"],"max_hp_gain":0,"max_hp_loss":0,"event_name":"Scrap Ooze","floor":11,"gold_loss":0}],"is_beta":false,"boss_relics":[],"items_purged_floors":[],"is_endless":false,"potions_floor_spawned":[1,2,4,7],"killed_by":"Gremlin Nob","ascension_level":20}