{"gold_per_floor":[110,122,133,146,146,146,177,227,227,23,48,48,72,52],"floor_reached":14,"playtime":812,"items_purged":[],"score":184,"play_id":"f8be36db-8473-40fb-92e3-9e107a2b2121","local_time":"20210919193235","is_ascension_mode":true,"campfire_choices":[{"data":"Iron Wave","floor":6,"key":"SMITH"}],"neow_cost":"TEN_PERCENT_HP_LOSS","seed_source_timestamp":237048788132300,"circlet_count":0,"master_deck":["AscendersBane","Strike_R","Strike_R","Strike_R","Defend_R","Defend_R","Defend_R","Defend_R","Bash","Iron Wave+1","Anger","Combust","Corruption","Hemokinesis","Pommel Strike","Power Through"],"relics":["Burning Blood","Golden Idol","Girya","Matryoshka","Membership Card"],"potions_floor_usage":[13,14],"damage_taken":[{"damage":1,"enemies":"2 Louse","floor":1,"turns":3},{"damage":10,"enemies":"Small Slimes","floor":2,"turns":4},{"damage":0,"enemies":"Cultist","floor":3,"turns":3},{"damage":6,"enemies":"Blue Slaver","floor":4,"turns":5},{"damage":50,"enemies":"Lagavulin","floor":7,"turns":7},{"damage":6,"enemies":"2 Fungi Beasts","floor":11,"turns":4},{"damage":27,"enemies":"Exordium Wildlife","floor":13,"turns":5},{"damage":9,"enemies":"Exordium Thugs","floor":14,"turns":1}],"seed_played":"8388501106464479322","potions_obtained":[{"floor":3,"key":"BloodPotion"},{"floor":11,"key":"PowerPotion"}],"is_trial":false,"path_per_floor":["M","M","M","M","?","R","E","?","T","$","M","?","M","M"],"character_chosen":"IRONCLAD","items_purchased":["Membership Card","Hemokinesis"],"campfire_rested":0,"item_purchase_floors":[10,10],"current_hp_per_floor":[68,64,68,68,62,62,18,18,18,18,18,18,9,0],"gold":52,"neow_bonus":"REMOVE_TWO","is_prod":false,"is_daily":false,"chose_seed":false,"campfire_upgraded":1,"win_rate":0,"timestamp":1632094355,"path_taken":["M","M","M","M","?","R","E","?","T","$","?","?","M","M"],"build_version":"2020-12-22","purchased_purges":0,"victory":false,"max_hp_per_floor":[68,68,68,68,62,62,62,62,62,62,62,62,62,62],"card_choices":[{"not_picked":["Shockwave","Body Slam"],"picked":"Iron Wave","floor":1},{"not_picked":["Twin Strike","Warcry"],"picked":"Anger","floor":2},{"not_picked":["Perfected Strike","Burning Pact","Body Slam"],"picked":"SKIP","floor":3},{"not_picked":["Dark Embrace","Inflame"],"picked":"Combust","floor":4},{"not_picked":["Fire Breathing","Flex"],"picked":"Corruption","floor":7},{"not_picked":["Shockwave","Anger"],"picked":"Pommel Strike","floor":11},{"not_picked":["Sentinel","Thunderclap"],"picked":"Power Through","floor":13}],"player_experience":891600,"relics_obtained":[{"floor":7,"key":"Girya"},{"floor":9,"key":"Matryoshka"}],"event_choices":[{"damage_healed":0,"gold_gain":0,"player_choice":"Lose Max HP","damage_taken":0,"relics_obtained":["Golden Idol"],"max_hp_gain":0,"max_hp_loss":6,"event_name":"Golden Idol","floor":5,"gold_loss":0},{"damage_healed":0,"gold_gain":50,"player_choice":"Pray","damage_taken":0,"max_hp_gain":0,"max_hp_loss":0,"event_name":"Golden Shrine","floor":8,"gold_loss":0},{"damage_healed":0,"gold_gain":0,"player_choice":"Ignored","damage_taken":0,"max_hp_gain":0,"max_hp_loss":0,"event_name":"Liars Game","floor":12,"gold_loss":0}],"is_beta":false,"boss_relics":[],"items_purged_floors":[],"is_endless":false,"potions_floor_spawned":[3,11],"killed_by":"Exordium Thugs","ascension_level":20}