{"gold_per_floor":[363,379,5,80,96,96,107,136,162,162,193,193,193,206,206,281,281,299,299,659,638,349,382,382,411,411,430,463,463,498,498,498,569,569,586,387,387,405,418,452,452,486,557,572,605,605,620,640,640,640,640,640,640,7,34,34],"floor_reached":56,"playtime":3770,"items_purged":["Strike_R","Perfected Strike","Writhe","Twin Strike"],"score":2221,"play_id":"1e09c2ac-fc46-41ff-8f00-16b98513e944","local_time":"20211014214229","is_ascension_mode":true,"campfire_choices":[{"floor":6.0,"key":"REST"},{"data":"Carnage","floor":10.0,"key":"SMITH"},{"data":"Iron Wave","floor":13.0,"key":"SMITH"},{"data":"Pommel Strike","floor":15.0,"key":"SMITH"},{"floor":24.0,"key":"REST"},{"floor":29.0,"key":"REST"},{"floor":32.0,"key":"REST"},{"floor":46.0,"key":"REST"},{"floor":49.0,"key":"RECALL"},{"data":"Feel No Pain","floor":53.0,"key":"SMITH"}],"neow_cost":"PERCENT_DAMAGE","seed_source_timestamp":0,"circlet_count":0,"master_deck":["AscendersBane","Bash","Feel No Pain+1","Corruption","Battle Trance","Iron Wave+1","Carnage+1","Uppercut+1","Pommel Strike+1","Barricade","Hemokinesis","Ghostly Armor","Metallicize","Second Wind","Entrench","Sever Soul","Pommel Strike","Dark Embrace","Power Through","Shrug It Off","Power Through+1","Body Slam+1","Spot Weakness","Shockwave","Evolve","Decay","Battle Trance","Feed","Shockwave","Shrug It Off","Feel No Pain","Disarm","Warcry","Wild Strike","Sentinel","True Grit","Burning Pact","Body Slam+1","Fiend Fire+1","Shrug It Off","Battle Trance","Pommel Strike+1"],"special_seed":0,"relics":["Burning Blood","Membership Card","PreservedInsect","Orichalcum","Ancient Tea Set","Dream Catcher","Pandora\u0027s Box","Blue Candle","OrangePellets","Mercury Hourglass","FossilizedHelix","Bag of Preparation","Oddly Smooth Stone","Runic Dome","DollysMirror","Bag of Marbles","Paper Frog","Ornamental Fan","Molten Egg 2","Lee\u0027s Waffle","Pantograph","Toy Ornithopter","Du-Vu Doll"],"potions_floor_usage":[56,56],"damage_taken":[{"damage":2.0,"enemies":"2 Louse","floor":1.0,"turns":4.0},{"damage":7.0,"enemies":"Jaw Worm","floor":2.0,"turns":4.0},{"damage":12.0,"enemies":"Small Slimes","floor":5.0,"turns":3.0},{"damage":5.0,"enemies":"Gremlin Gang","floor":7.0,"turns":3.0},{"damage":13.0,"enemies":"3 Sentries","floor":8.0,"turns":7.0},{"damage":27.0,"enemies":"Lagavulin","floor":11.0,"turns":4.0},{"damage":2.0,"enemies":"Blue Slaver","floor":14.0,"turns":3.0},{"damage":24.0,"enemies":"The Guardian","floor":16.0,"turns":9.0},{"damage":5.0,"enemies":"Chosen","floor":18.0,"turns":5.0},{"damage":11.0,"enemies":"2 Thieves","floor":21.0,"turns":5.0},{"damage":11.0,"enemies":"Book of Stabbing","floor":23.0,"turns":4.0},{"damage":13.0,"enemies":"Slavers","floor":25.0,"turns":2.0},{"damage":13.0,"enemies":"Cultist and Chosen","floor":27.0,"turns":10.0},{"damage":36.0,"enemies":"Gremlin Leader","floor":28.0,"turns":7.0},{"damage":7.0,"enemies":"Slavers","floor":30.0,"turns":3.0},{"damage":4.0,"enemies":"Champ","floor":33.0,"turns":11.0},{"damage":27.0,"enemies":"3 Darklings","floor":35.0,"turns":7.0},{"damage":6.0,"enemies":"Orb Walker","floor":38.0,"turns":4.0},{"damage":18.0,"enemies":"Spire Growth","floor":39.0,"turns":9.0},{"damage":0.0,"enemies":"Reptomancer","floor":40.0,"turns":7.0},{"damage":0.0,"enemies":"Nemesis","floor":42.0,"turns":9.0},{"damage":11.0,"enemies":"Sphere and 2 Shapes","floor":44.0,"turns":8.0},{"damage":23.0,"enemies":"Giant Head","floor":45.0,"turns":9.0},{"damage":0.0,"enemies":"4 Shapes","floor":47.0,"turns":4.0},{"damage":6.0,"enemies":"Spire Growth","floor":48.0,"turns":9.0},{"damage":24.0,"enemies":"Time Eater","floor":50.0,"turns":8.0},{"damage":66.0,"enemies":"Awakened One","floor":51.0,"turns":13.0},{"damage":28.0,"enemies":"Shield and Spear","floor":55.0,"turns":8.0},{"damage":101,"enemies":"The Heart","floor":56,"turns":6}],"seed_played":"-609922346743835372","potions_obtained":[{"floor":7.0,"key":"ColorlessPotion"},{"floor":14.0,"key":"Strength Potion"},{"floor":16.0,"key":"Regen Potion"},{"floor":18.0,"key":"Dexterity Potion"},{"floor":25.0,"key":"BlessingOfTheForge"},{"floor":28.0,"key":"Explosive Potion"},{"floor":33.0,"key":"GamblersBrew"},{"floor":38.0,"key":"FairyPotion"},{"floor":40.0,"key":"ElixirPotion"}],"is_trial":false,"path_per_floor":["M","M","$","?","M","R","M","E","T","R","E","?","R","M","R","B",null,"M","?","?","M","$","E","R","E","T","M","E","R","E","?","R","B",null,"M","$","?","M","M","E","?","E","T","M","E","R","M","M","R","B","B",null,"R","$","E","B"],"character_chosen":"IRONCLAD","items_purchased":["Membership Card","Corruption","PreservedInsect","Explosive Potion","Twin Strike","Dark Embrace","Power Through","OrangePellets","Strength Potion","DistilledChaos","Shrug It Off","SkillPotion","DollysMirror","Lee\u0027s Waffle","Pantograph","Body Slam+1","Toy Ornithopter","Fiend Fire+1","LiquidMemories","Shrug It Off","SkillPotion","Battle Trance"],"campfire_rested":5,"item_purchase_floors":[3,3,3,3,3,22,22,22,22,22,36,36,36,54,54,54,54,54,54,54,54,54],"current_hp_per_floor":[54,53,53,42,36,58,59,52,52,52,31,31,31,35,35,17,61,62,62,26,35,35,30,52,45,45,38,8,30,29,29,51,53,70,49,49,49,49,40,49,49,55,55,53,36,61,70,70,70,52,19,70,70,94,75,0],"gold":34,"neow_bonus":"TWO_FIFTY_GOLD","is_prod":false,"is_daily":false,"chose_seed":false,"campfire_upgraded":4,"win_rate":0,"timestamp":1634262149,"path_taken":["M","M","$","?","M","R","M","E","T","R","E","?","R","M","R","BOSS","M","?","?","?","$","E","R","E","T","M","E","R","E","?","R","BOSS","M","$","?","M","M","E","?","E","T","M","E","R","M","M","R","BOSS","BOSS","R","$","E","BOSS"],"build_version":"2020-12-22","purchased_purges":4,"victory":false,"max_hp_per_floor":[75,75,75,75,75,75,75,75,75,75,75,75,75,75,75,75,75,75,75,75,75,75,75,75,75,75,75,75,75,75,75,75,75,75,75,75,75,75,78,81,81,81,81,84,84,84,87,87,87,87,87,87,87,94,97,97],"card_choices":[{"not_picked":["Armaments","True Grit"],"picked":"Perfected Strike","floor":1.0},{"not_picked":["Havoc","Anger"],"picked":"Feel No Pain","floor":2.0},{"not_picked":["Fire Breathing","Uppercut"],"picked":"Battle Trance","floor":5.0},{"not_picked":["Fire Breathing","Corruption"],"picked":"Iron Wave","floor":7.0},{"not_picked":["Body Slam","Clash"],"picked":"Carnage","floor":8.0},{"not_picked":["True Grit","Armaments"],"picked":"Uppercut","floor":11.0},{"not_picked":["Entrench","Dual Wield"],"picked":"Pommel Strike","floor":14.0},{"not_picked":["Exhume","Corruption"],"picked":"Barricade","floor":16.0},{"not_picked":["Twin Strike","Thunderclap"],"picked":"Cleave+1","floor":18.0},{"not_picked":["Blood for Blood","Sword Boomerang","Iron Wave"],"picked":"SKIP","floor":21.0},{"not_picked":["Spot Weakness+1","Clash+1"],"picked":"Shrug It Off","floor":23.0},{"not_picked":["Thunderclap","Rampage"],"picked":"Power Through+1","floor":24.0},{"not_picked":["Flex","Juggernaut","Fire Breathing"],"picked":"SKIP","floor":25.0},{"not_picked":["Pommel Strike","Headbutt"],"picked":"Body Slam+1","floor":27.0},{"not_picked":["Power Through","Clothesline"],"picked":"Spot Weakness","floor":28.0},{"not_picked":["Anger","Clash"],"picked":"Shockwave","floor":29.0},{"not_picked":["Power Through","Wild Strike"],"picked":"Evolve","floor":30.0},{"not_picked":["Heavy Blade+1","Flex"],"picked":"Battle Trance","floor":32.0},{"not_picked":["Bludgeon","Corruption"],"picked":"Feed","floor":33.0},{"not_picked":["Dropkick+1","Pommel Strike"],"picked":"Shockwave","floor":35.0},{"not_picked":["Armaments","Carnage","Anger"],"picked":"SKIP","floor":38.0},{"not_picked":["Rupture","Iron Wave+1"],"picked":"Disarm","floor":39.0},{"not_picked":["Uppercut","Corruption"],"picked":"Warcry","floor":40.0},{"not_picked":["Blood for Blood+1","Twin Strike+1","Iron Wave"],"picked":"SKIP","floor":42.0},{"not_picked":["Inflame","Sword Boomerang+1","Heavy Blade"],"picked":"SKIP","floor":44.0},{"not_picked":["Wild Strike+1","Havoc"],"picked":"Sentinel","floor":45.0},{"not_picked":["Rupture","Berserk"],"picked":"True Grit","floor":47.0},{"not_picked":["Armaments","Intimidate"],"picked":"Burning Pact","floor":48.0},{"not_picked":["Sword Boomerang+1","Wild Strike+1"],"picked":"Pommel Strike+1","floor":55.0}],"player_experience":965296,"relics_obtained":[{"floor":8.0,"key":"Orichalcum"},{"floor":9.0,"key":"Ancient Tea Set"},{"floor":11.0,"key":"Dream Catcher"},{"floor":23.0,"key":"Mercury Hourglass"},{"floor":25.0,"key":"FossilizedHelix"},{"floor":28.0,"key":"Bag of Preparation"},{"floor":30.0,"key":"Oddly Smooth Stone"},{"floor":40.0,"key":"Bag of Marbles"},{"floor":42.0,"key":"Paper Frog"},{"floor":43.0,"key":"Ornamental Fan"},{"floor":45.0,"key":"Molten Egg 2"},{"floor":55.0,"key":"Du-Vu Doll"}],"event_choices":[{"damage_healed":0.0,"max_hp_gain":0.0,"max_hp_loss":0.0,"gold_gain":75.0,"event_name":"World of Goop","player_choice":"Gather Gold","floor":4.0,"gold_loss":0.0,"damage_taken":11.0},{"damage_healed":0.0,"max_hp_gain":0.0,"max_hp_loss":0.0,"gold_gain":0.0,"event_name":"Living Wall","player_choice":"Grow","floor":12.0,"gold_loss":0.0,"damage_taken":0.0,"cards_upgraded":["Uppercut"]},{"damage_healed":0.0,"max_hp_gain":0.0,"max_hp_loss":0.0,"gold_gain":0.0,"event_name":"The Mausoleum","player_choice":"Opened","floor":19.0,"gold_loss":0.0,"damage_taken":0.0,"relics_obtained":["Blue Candle"],"cards_obtained":["Writhe"]},{"damage_healed":0.0,"max_hp_gain":0.0,"max_hp_loss":0.0,"gold_gain":360.0,"event_name":"Knowing Skull","player_choice":"GOLD GOLD GOLD GOLD ","floor":20.0,"potions_obtained":[],"gold_loss":0.0,"damage_taken":36.0,"cards_obtained":[]},{"damage_healed":0.0,"max_hp_gain":0.0,"max_hp_loss":0.0,"gold_gain":0.0,"event_name":"Forgotten Altar","player_choice":"Smashed Altar","floor":31.0,"gold_loss":0.0,"damage_taken":0.0,"cards_obtained":["Decay"]},{"cards_removed":["Cleave"],"damage_healed":0.0,"max_hp_gain":0.0,"max_hp_loss":0.0,"gold_gain":0.0,"event_name":"Falling","player_choice":"Removed Attack","floor":37.0,"gold_loss":0.0,"damage_taken":0.0},{"damage_healed":0.0,"max_hp_gain":0.0,"max_hp_loss":0.0,"gold_gain":0.0,"cards_transformed":["Metallicize"],"event_name":"Transmorgrifier","player_choice":"Transformed","floor":41.0,"gold_loss":0.0,"damage_taken":0.0,"cards_obtained":["Wild Strike"]}],"is_beta":false,"boss_relics":[{"not_picked":["Philosopher\u0027s Stone","Calling Bell"],"picked":"Pandora\u0027s Box"},{"not_picked":["Empty Cage","Black Blood"],"picked":"Runic Dome"}],"items_purged_floors":[3,22,36,54],"is_endless":false,"potions_floor_spawned":[7,14,16,18,25,28,33,38,40,44,45,48],"killed_by":"The Heart","ascension_level":20}