{"gold_per_floor":[118,118,39,51,69,69,94,94,119,150,100,123,141,151,151,151],"floor_reached":16,"playtime":284,"items_purged":["Strike_R"],"score":116,"play_id":"fab8f84b-e5b1-4fe8-befb-f9471a36c7a1","local_time":"20220501174719","is_ascension_mode":true,"campfire_choices":[{"data":"Carnage","floor":6,"key":"SMITH"},{"data":"Combust","floor":8,"key":"SMITH"},{"data":"Whirlwind","floor":15,"key":"SMITH"}],"neow_cost":"NONE","seed_source_timestamp":392533016326700,"circlet_count":0,"master_deck":["Strike_R","Strike_R","Strike_R","Defend_R","Defend_R","Defend_R","Defend_R","Bash","Pommel Strike","Carnage+1","Combust+1","Second Wind","Pommel Strike","Whirlwind+1"],"relics":["Burning Blood","Smiling Mask","Potion Belt","The Courier","Blood Vial"],"potions_floor_usage":[7],"damage_taken":[{"damage":8,"enemies":"Jaw Worm","floor":1,"turns":3},{"damage":1,"enemies":"Cultist","floor":4,"turns":2},{"damage":3,"enemies":"Small Slimes","floor":5,"turns":4},{"damage":24,"enemies":"3 Sentries","floor":7,"turns":5},{"damage":23,"enemies":"Gremlin Nob","floor":10,"turns":5},{"damage":10,"enemies":"Looter","floor":13,"turns":2},{"damage":13,"enemies":"Blue Slaver","floor":14,"turns":2},{"damage":40,"enemies":"Hexaghost","floor":16,"turns":7}],"seed_played":"-7538126890820277254","potions_obtained":[{"floor":4,"key":"DuplicationPotion"}],"is_trial":false,"path_per_floor":["M","?","$","M","M","R","E","R","T","E","$","T","M","M","R","B"],"character_chosen":"IRONCLAD","items_purchased":["Combust"],"campfire_rested":0,"item_purchase_floors":[3],"current_hp_per_floor":[78,78,78,80,80,80,62,62,62,45,45,45,43,38,38,0],"gold":151,"neow_bonus":"THREE_CARDS","is_prod":false,"is_daily":false,"chose_seed":false,"campfire_upgraded":3,"win_rate":0,"timestamp":1651441639,"path_taken":["M","?","$","M","M","R","E","R","T","E","$","?","M","?","R","BOSS"],"build_version":"2022-03-07","purchased_purges":1,"victory":false,"max_hp_per_floor":[80,80,80,80,80,80,80,80,80,80,80,80,80,80,80,80],"card_choices":[{"not_picked":["True Grit","Thunderclap"],"picked":"Pommel Strike","floor":0},{"not_picked":["Iron Wave","Headbutt"],"picked":"Carnage","floor":1},{"not_picked":["Twin Strike","Flex","Wild Strike"],"picked":"SKIP","floor":4},{"not_picked":["Pommel Strike","Flex"],"picked":"Second Wind","floor":5},{"not_picked":["Iron Wave","Flex"],"picked":"Pommel Strike","floor":7},{"not_picked":["Body Slam","Havoc"],"picked":"Whirlwind","floor":10},{"not_picked":["Wild Strike","Clothesline","Heavy Blade"],"picked":"SKIP","floor":13},{"not_picked":["Warcry","Clash","Barricade"],"picked":"SKIP","floor":14}],"player_experience":1013296,"relics_obtained":[{"floor":7,"key":"Smiling Mask"},{"floor":9,"key":"Potion Belt"},{"floor":10,"key":"The Courier"},{"floor":12,"key":"Blood Vial"}],"event_choices":[{"cards_removed":["Strike_R"],"damage_healed":0,"gold_gain":0,"player_choice":"Offered Basic","damage_taken":0,"max_hp_gain":0,"max_hp_loss":0,"event_name":"Bonfire Elementals","floor":2,"gold_loss":0}],"is_beta":false,"boss_relics":[],"items_purged_floors":[11],"is_endless":false,"potions_floor_spawned":[4],"killed_by":"Hexaghost","ascension_level":1}