{"gold_per_floor":[114,125,125,143,143,143,173,173,173,223,223,12,30,44,44,122,122,141,141,155,170,184,215,228,228,252,282,298,298],"floor_reached":29,"playtime":1301,"items_purged":["Strike_R"],"score":534,"play_id":"96a72de2-b338-4622-9001-55019787a954","local_time":"20221008193115","is_ascension_mode":true,"campfire_choices":[{"data":"Wild Strike","floor":6.0,"key":"SMITH"},{"data":"Carnage","floor":8.0,"key":"SMITH"},{"data":"Armaments","floor":11.0,"key":"SMITH"},{"data":"Brutality","floor":15.0,"key":"SMITH"},{"floor":25.0,"key":"REST"}],"neow_cost":"NONE","seed_source_timestamp":1544777585930600,"circlet_count":0,"master_deck":["AscendersBane","Strike_R","Strike_R","Strike_R","Defend_R","Defend_R","Defend_R","Defend_R","Bash","Brutality+1","Wild Strike+1","Armaments+1","Cleave","Carnage+1","Rupture","Whirlwind","Battle Trance","Reaper","Shrug It Off+1","Headbutt","Reaper","Dark Embrace","Anger"],"special_seed":0,"relics":["Burning Blood","Gremlin Horn","InkBottle","Meat on the Bone","Fusion Hammer","Orichalcum","Blood Vial","Oddly Smooth Stone"],"potions_floor_usage":[],"damage_taken":[{"damage":8.0,"enemies":"2 Louse","floor":1.0,"turns":3.0},{"damage":3.0,"enemies":"Small Slimes","floor":2.0,"turns":4.0},{"damage":5.0,"enemies":"Cultist","floor":4.0,"turns":4.0},{"damage":9.0,"enemies":"3 Sentries","floor":7.0,"turns":5.0},{"damage":12.0,"enemies":"Blue Slaver","floor":13.0,"turns":3.0},{"damage":0.0,"enemies":"Exordium Wildlife","floor":14.0,"turns":2.0},{"damage":28.0,"enemies":"Slime Boss","floor":16.0,"turns":7.0},{"damage":8.0,"enemies":"3 Byrds","floor":18.0,"turns":4.0},{"damage":14.0,"enemies":"Chosen","floor":20.0,"turns":4.0},{"damage":37.0,"enemies":"Snecko","floor":21.0,"turns":6.0},{"damage":15.0,"enemies":"Centurion and Healer","floor":22.0,"turns":6.0},{"damage":42.0,"enemies":"Slavers","floor":23.0,"turns":5.0},{"damage":16.0,"enemies":"Cultist and Chosen","floor":24.0,"turns":5.0},{"damage":82.0,"enemies":"Book of Stabbing","floor":27.0,"turns":6.0},{"damage":46.0,"enemies":"Chosen and Byrds","floor":28.0,"turns":7.0},{"damage":46,"enemies":"Gremlin Leader","floor":29,"turns":2}],"seed_played":"-1684478322626987041","potions_obtained":[{"floor":2.0,"key":"PowerPotion"},{"floor":13.0,"key":"Dexterity Potion"},{"floor":16.0,"key":"Explosive Potion"},{"floor":18.0,"key":"Fruit Juice"},{"floor":22.0,"key":"DuplicationPotion"},{"floor":27.0,"key":"Regen Potion"}],"is_trial":false,"path_per_floor":["M","M","?","M","?","R","E","R","T","?","R","$","M","M","R","B",null,"M","?","M","M","M","E","M","R","T","E","M","E"],"character_chosen":"IRONCLAD","items_purchased":["Rupture","ColorlessPotion"],"campfire_rested":1,"item_purchase_floors":[12,12],"current_hp_per_floor":[66,69,43,44,49,49,46,46,46,38,38,38,44,50,50,40,70,75,75,73,49,71,59,49,74,74,31,39,0],"gold":298,"neow_bonus":"TRANSFORM_CARD","is_prod":false,"is_daily":false,"chose_seed":false,"campfire_upgraded":4,"win_rate":0,"timestamp":1665271875,"path_taken":["M","M","?","M","?","R","E","R","T","?","R","$","?","M","R","BOSS","M","?","M","M","M","E","M","R","T","E","M","E"],"build_version":"2022-10-04","purchased_purges":1,"victory":false,"max_hp_per_floor":[75,75,75,75,80,80,80,80,80,80,80,80,80,80,80,80,80,80,80,80,80,85,85,85,85,85,85,85,85],"relic_stats":{"Blood Vial":6,"Gremlin Horn":[11,13],"counters":[16,73],"Orichalcum":[18],"obtain_stats":[{"Blood Vial":26,"Gremlin Horn":3,"Oddly Smooth Stone":27,"Fusion Hammer":17,"Orichalcum":23,"Burning Blood":0,"InkBottle":7,"Meat on the Bone":9},{"Blood Vial":13,"Gremlin Horn":2,"Oddly Smooth Stone":14,"Fusion Hammer":7,"Orichalcum":12,"Burning Blood":0,"InkBottle":4,"Meat on the Bone":4},{"Blood Vial":58,"Gremlin Horn":7,"Oddly Smooth Stone":64,"Fusion Hammer":28,"Orichalcum":53,"Burning Blood":0,"InkBottle":16,"Meat on the Bone":16}],"Burning Blood":90,"InkBottle":[15],"Meat on the Bone":60},"card_choices":[{"not_picked":["Heavy Blade","Sword Boomerang"],"picked":"Wild Strike","floor":1.0},{"not_picked":["Havoc","Twin Strike"],"picked":"Armaments","floor":2.0},{"not_picked":["Blood for Blood","Evolve"],"picked":"Cleave","floor":4.0},{"not_picked":["Sword Boomerang","Headbutt"],"picked":"Carnage","floor":7.0},{"not_picked":["Perfected Strike","Anger"],"picked":"Whirlwind","floor":13.0},{"not_picked":["Limit Break","Thunderclap"],"picked":"Battle Trance","floor":14.0},{"not_picked":["Exhume","Brutality"],"picked":"Reaper","floor":16.0},{"not_picked":["Body Slam","Infernal Blade","Perfected Strike"],"picked":"SKIP","floor":18.0},{"not_picked":["Sword Boomerang","Pommel Strike","Thunderclap"],"picked":"SKIP","floor":20.0},{"not_picked":["Armaments","Thunderclap"],"picked":"Shrug It Off+1","floor":21.0},{"not_picked":["Heavy Blade","Uppercut","Anger"],"picked":"SKIP","floor":22.0},{"not_picked":["Thunderclap","Heavy Blade"],"picked":"Headbutt","floor":23.0},{"not_picked":["Armaments","Twin Strike"],"picked":"Reaper","floor":24.0},{"not_picked":["Flex","Carnage"],"picked":"Dark Embrace","floor":27.0},{"not_picked":["Pommel Strike","Uppercut"],"picked":"Anger","floor":28.0}],"player_experience":1152604,"relics_obtained":[{"floor":7.0,"key":"InkBottle"},{"floor":9.0,"key":"Meat on the Bone"},{"floor":23.0,"key":"Orichalcum"},{"floor":26.0,"key":"Blood Vial"},{"floor":27.0,"key":"Oddly Smooth Stone"}],"event_choices":[{"damage_healed":0.0,"max_hp_gain":0.0,"max_hp_loss":0.0,"gold_gain":0.0,"event_name":"Scrap Ooze","player_choice":"Success","floor":3.0,"gold_loss":0.0,"damage_taken":26.0,"relics_obtained":["Gremlin Horn"]},{"damage_healed":0.0,"max_hp_gain":5.0,"max_hp_loss":0.0,"gold_gain":0.0,"event_name":"Big Fish","player_choice":"Donut","floor":5.0,"gold_loss":0.0,"damage_taken":0.0},{"damage_healed":0.0,"max_hp_gain":0.0,"max_hp_loss":0.0,"gold_gain":50.0,"event_name":"FaceTrader","player_choice":"Touch","floor":10.0,"gold_loss":0.0,"damage_taken":8.0},{"damage_healed":0.0,"max_hp_gain":0.0,"max_hp_loss":0.0,"gold_gain":0.0,"event_name":"Vampires","player_choice":"Ignored","floor":19.0,"gold_loss":0.0,"damage_taken":0.0}],"is_beta":false,"boss_relics":[{"not_picked":["Black Blood","Black Star"],"picked":"Fusion Hammer"}],"items_purged_floors":[12],"is_endless":false,"potions_floor_spawned":[2,13,16,18,22,27],"killed_by":"Gremlin Leader","ascension_level":20}