{"gold_per_floor":[112,37,51,67,67,67,117,142,142,142,161,78,78,94,94,165,165,177,189,202,218,218,218,243,261,261,261,287,307,357,374,374,451,451,462,479,479,24,41,41,57,57,81,81,93,121,141,41,41,41,41,41,41,41,74,74],"floor_reached":56,"playtime":4199,"items_purged":["Pain","Pain"],"score":1942,"play_id":"53514c27-c469-4b10-b66f-b9fd60bf84cb","local_time":"20221020204643","is_ascension_mode":true,"campfire_choices":[{"data":"Carnage","floor":6,"key":"SMITH"},{"data":"1","floor":10,"key":"LIFT"},{"data":"2","floor":13,"key":"LIFT"},{"data":"3","floor":15,"key":"LIFT"},{"floor":23,"key":"REST"},{"floor":27,"key":"REST"},{"data":"Limit Break","floor":32,"key":"SMITH"},{"data":"Offering","floor":40,"key":"SMITH"},{"data":"Armaments","floor":42,"key":"SMITH"},{"floor":49,"key":"RECALL"},{"data":"Disarm","floor":53,"key":"SMITH"}],"neow_cost":"CURSE","seed_source_timestamp":337036443159400,"circlet_count":0,"master_deck":["AscendersBane","Bash","Carnage+1","Hemokinesis","Battle Trance","Limit Break+1","Seeing Red","Offering+1","Warcry","Thunderclap+1","Anger","Dark Embrace","Pommel Strike","Feel No Pain","Pummel+1","Reckless Charge+1","Shrug It Off+1","True Grit","Impervious","Sentinel","Evolve","Infernal Blade+1","Reaper+1","Dual Wield","Burning Pact+1","Cleave+1","Demon Form","Combust","Metallicize+1","Armaments+1","Sever Soul+1","Disarm+1","Second Wind"],"special_seed":0,"relics":["Burning Blood","Girya","Letter Opener","Dream Catcher","Matryoshka","Cursed Key","Molten Egg 2","Pocketwatch","Pandora\u0027s Box","TheAbacus","Sundial","War Paint","Pen Nib","Champion Belt"],"potions_floor_usage":[8,16,16,28,29,33,36,46,50,55],"damage_taken":[{"damage":11.0,"enemies":"Cultist","floor":1.0,"turns":4.0},{"damage":2.0,"enemies":"Jaw Worm","floor":3.0,"turns":3.0},{"damage":18.0,"enemies":"2 Louse","floor":4.0,"turns":3.0},{"damage":17,"enemies":"Lagavulin","floor":8,"turns":6},{"damage":7,"enemies":"Looter","floor":11,"turns":3},{"damage":11,"enemies":"Lots of Slimes","floor":14,"turns":4},{"damage":26,"enemies":"The Guardian","floor":16,"turns":13},{"damage":0,"enemies":"Chosen","floor":18,"turns":3},{"damage":33,"enemies":"3 Byrds","floor":19,"turns":4},{"damage":6,"enemies":"3 Cultists","floor":20,"turns":2},{"damage":19,"enemies":"Snake Plant","floor":21,"turns":2},{"damage":19,"enemies":"Gremlin Leader","floor":24,"turns":3},{"damage":14,"enemies":"Shelled Parasite and Fungi","floor":25,"turns":2},{"damage":21,"enemies":"Slavers","floor":28,"turns":2},{"damage":8,"enemies":"Snecko","floor":29,"turns":3},{"damage":9,"enemies":"Centurion and Healer","floor":31,"turns":3},{"damage":6,"enemies":"Collector","floor":33,"turns":6},{"damage":9,"enemies":"3 Darklings","floor":35,"turns":4},{"damage":15,"enemies":"Orb Walker","floor":36,"turns":3},{"damage":34,"enemies":"Jaw Worm Horde","floor":39,"turns":7},{"damage":8,"enemies":"Transient","floor":41,"turns":6},{"damage":10,"enemies":"Sphere and 2 Shapes","floor":45,"turns":3},{"damage":21,"enemies":"Nemesis","floor":46,"turns":7},{"damage":17,"enemies":"Maw","floor":47,"turns":9},{"damage":38,"enemies":"Donu and Deca","floor":50,"turns":6},{"damage":65,"enemies":"Time Eater","floor":51,"turns":9},{"damage":69,"enemies":"Shield and Spear","floor":55,"turns":8},{"damage":36,"enemies":"The Heart","floor":56,"turns":2}],"seed_played":"-4105891195122047638","potions_obtained":[{"floor":3.0,"key":"Weak Potion"},{"floor":8,"key":"Dexterity Potion"},{"floor":11,"key":"DuplicationPotion"},{"floor":16,"key":"ElixirPotion"},{"floor":24,"key":"PowerPotion"},{"floor":28,"key":"Energy Potion"},{"floor":31,"key":"Swift Potion"},{"floor":33,"key":"DuplicationPotion"},{"floor":45,"key":"ColorlessPotion"},{"floor":46,"key":"PowerPotion"},{"floor":55,"key":"SpeedPotion"}],"is_trial":false,"path_per_floor":["M","$","M","M","?","R","?","E","T","R","M","$","R","M","R","B",null,"M","M","M","M","?","R","E","M","T","R","E","M","?","M","R","B",null,"M","M","?","$","M","R","M","R","T","?","M","E","M","$","R","B","B",null,"R","$","E","B"],"character_chosen":"IRONCLAD","items_purchased":["Limit Break","TheAbacus","Sundial"],"campfire_rested":2,"item_purchase_floors":[12,38,38],"current_hp_per_floor":[63,63,67,55,44,44,44,33,33,33,32,32,32,27,27,7,58,64,37,37,24,24,46,33,25,25,47,32,30,23,20,20,20,61,75,72,72,72,56,56,71,71,71,71,75,75,75,75,75,75,75,75,75,75,35,0],"gold":74,"neow_bonus":"ONE_RARE_RELIC","is_prod":false,"is_daily":false,"chose_seed":false,"campfire_upgraded":5,"win_rate":0,"timestamp":1666313203,"path_taken":["M","$","M","M","?","R","?","E","T","R","M","$","R","M","R","BOSS","M","M","?","?","?","R","E","M","T","R","E","M","?","M","R","BOSS","M","?","?","$","M","R","M","R","T","?","M","E","M","$","R","BOSS","BOSS","R","$","E","BOSS"],"build_version":"2022-10-04","purchased_purges":2,"victory":false,"max_hp_per_floor":[75,75,75,75,75,75,75,75,75,75,75,75,75,75,75,75,75,75,75,75,75,75,75,75,75,75,75,75,75,75,75,75,75,75,75,75,75,75,75,75,75,75,75,75,75,75,75,75,75,75,75,75,75,75,75,75],"relic_stats":{"Girya":3,"counters":[28,130],"Pen Nib":[4],"Letter Opener":[268],"War Paint":["Burning Pact","Infernal Blade"],"Cursed Key":1,"Burning Blood":130,"Dream Catcher":2,"Matryoshka":1,"TheAbacus":[126],"Sundial":[14],"Pandora\u0027s Box":["Sentinel","Evolve","Infernal Blade","Reaper","Dual Wield","Burning Pact","Cleave","Demon Form","Combust"],"Champion Belt":[1],"obtain_stats":[{"Girya":0,"Pen Nib":46,"Letter Opener":5,"War Paint":43,"Cursed Key":17,"Burning Blood":0,"Dream Catcher":8,"Matryoshka":9,"TheAbacus":38,"Sundial":38,"Molten Egg 2":24,"Pandora\u0027s Box":34,"Champion Belt":55,"Pocketwatch":28},{"Girya":0,"Pen Nib":23,"Letter Opener":3,"War Paint":21,"Cursed Key":7,"Burning Blood":0,"Dream Catcher":4,"Matryoshka":4,"TheAbacus":19,"Sundial":19,"Molten Egg 2":12,"Pandora\u0027s Box":17,"Champion Belt":27,"Pocketwatch":14},{"Girya":0,"Pen Nib":96,"Letter Opener":10,"War Paint":86,"Cursed Key":36,"Burning Blood":0,"Dream Catcher":16,"Matryoshka":16,"TheAbacus":73,"Sundial":73,"Molten Egg 2":50,"Pandora\u0027s Box":66,"Champion Belt":128,"Pocketwatch":54}],"Pocketwatch":[72]},"card_choices":[{"not_picked":["Uppercut","Headbutt"],"picked":"Carnage","floor":1.0},{"not_picked":["Clash","Thunderclap"],"picked":"Hemokinesis","floor":3.0},{"not_picked":["True Grit","Flex","Rampage"],"picked":"SKIP","floor":4.0},{"not_picked":["Pommel Strike","Heavy Blade"],"picked":"Battle Trance","floor":8},{"not_picked":["Clothesline","Havoc","Body Slam"],"picked":"SKIP","floor":11},{"not_picked":["Heavy Blade","Combust"],"picked":"Seeing Red","floor":14},{"not_picked":["Fiend Fire","Barricade"],"picked":"Offering","floor":16},{"not_picked":["Dual Wield","Clothesline"],"picked":"Warcry","floor":18},{"not_picked":["Twin Strike","Dual Wield+1"],"picked":"Thunderclap+1","floor":19},{"not_picked":["Spot Weakness","Rampage"],"picked":"Anger","floor":20},{"not_picked":["Searing Blow","Anger"],"picked":"Dark Embrace","floor":21},{"not_picked":["Warcry","Bloodletting"],"picked":"Pommel Strike","floor":23},{"not_picked":["Warcry","Twin Strike+1"],"picked":"Feel No Pain","floor":24},{"not_picked":["Armaments","Clothesline+1"],"picked":"Pummel+1","floor":25},{"not_picked":["Dual Wield","Cleave+1"],"picked":"Reckless Charge+1","floor":27},{"not_picked":["Bludgeon+1","Blood for Blood+1","Dropkick+1"],"picked":"SKIP","floor":28},{"not_picked":["Headbutt+1","Entrench"],"picked":"Shrug It Off+1","floor":29},{"not_picked":["Blood for Blood+1","Shrug It Off"],"picked":"True Grit","floor":31},{"not_picked":["Barricade","Berserk"],"picked":"Impervious","floor":33},{"not_picked":["Shrug It Off","Inflame","Clash+1"],"picked":"SKIP","floor":35},{"not_picked":["Thunderclap+1","Headbutt+1"],"picked":"Metallicize+1","floor":36},{"not_picked":["Anger+1","Clash+1","Flex"],"picked":"SKIP","floor":39},{"not_picked":["Body Slam+1","Warcry"],"picked":"Armaments","floor":41},{"not_picked":["Immolate+1","Heavy Blade+1"],"picked":"Sever Soul+1","floor":45},{"not_picked":["Shrug It Off","Anger+1"],"picked":"Disarm","floor":46},{"not_picked":["Clash+1","Clothesline+1"],"picked":"Second Wind","floor":47},{"not_picked":["Sever Soul+1","Searing Blow+1","Reckless Charge+1"],"picked":"SKIP","floor":55}],"player_experience":1185199,"relics_obtained":[{"floor":8,"key":"Dream Catcher"},{"floor":9,"key":"Matryoshka"},{"floor":24,"key":"Molten Egg 2"},{"floor":28,"key":"Pocketwatch"},{"floor":43,"key":"War Paint"},{"floor":46,"key":"Pen Nib"},{"floor":55,"key":"Champion Belt"}],"event_choices":[{"damage_healed":0.0,"max_hp_gain":0.0,"max_hp_loss":0.0,"gold_gain":0.0,"event_name":"Scrap Ooze","player_choice":"Success","floor":5.0,"gold_loss":0.0,"damage_taken":11.0,"relics_obtained":["Letter Opener"]},{"damage_healed":0,"gold_gain":50,"player_choice":"Pray","damage_taken":0,"max_hp_gain":0,"max_hp_loss":0,"event_name":"Golden Shrine","floor":7,"gold_loss":0},{"damage_healed":0,"gold_gain":0,"player_choice":"Ignored","damage_taken":0,"max_hp_gain":0,"max_hp_loss":0,"event_name":"Cursed Tome","floor":22,"gold_loss":0},{"damage_healed":0,"gold_gain":50,"player_choice":"Touch","damage_taken":7,"max_hp_gain":0,"max_hp_loss":0,"event_name":"FaceTrader","floor":30,"gold_loss":0},{"damage_healed":0,"gold_gain":0,"player_choice":"Ignored","damage_taken":0,"max_hp_gain":0,"max_hp_loss":0,"event_name":"Tomb of Lord Red Mask","floor":37,"gold_loss":0},{"damage_healed":0,"gold_gain":0,"player_choice":"Ignored","damage_taken":0,"max_hp_gain":0,"max_hp_loss":0,"event_name":"WeMeetAgain","floor":44,"gold_loss":0}],"is_beta":false,"boss_relics":[{"not_picked":["Mark of Pain","Runic Dome"],"picked":"Cursed Key"},{"not_picked":["Tiny House","Black Star"],"picked":"Pandora\u0027s Box"}],"items_purged_floors":[2,48],"is_endless":false,"potions_floor_spawned":[3,8,11,16,24,28,31,33,45,46,55],"killed_by":"The Heart","ascension_level":20}