{"gold_per_floor":[14,34,46,46,46,81,81,112,112,132,158,169,169,192,192,265,265,281,281,299,299,224,257,85,105,105,131,131,156,171,186,186,260,260,275,275,62,62,81,110,110,122,149,174,193,193,28,61,73,85,97,109,121,33,64,64],"floor_reached":57,"playtime":3653,"items_purged":["Strike_R","Strike_R"],"score":3086,"play_id":"bcb9946b-e6ec-4ca7-9939-ddaf2e39b89d","local_time":"20221019231625","is_ascension_mode":true,"campfire_choices":[{"data":"Apotheosis","floor":7.0,"key":"SMITH"},{"data":"Battle Trance","floor":13.0,"key":"SMITH"},{"data":"Demon Form","floor":15.0,"key":"SMITH"},{"floor":28.0,"key":"RECALL"},{"floor":32.0,"key":"REST"},{"floor":41.0,"key":"REST"},{"floor":46.0,"key":"REST"},{"floor":49.0,"key":"REST"},{"floor":53.0,"key":"REST"}],"neow_cost":"NO_GOLD","seed_source_timestamp":260044198649800,"circlet_count":0,"master_deck":["AscendersBane","Strike_R","Defend_R","Defend_R","Defend_R","Bash","Apotheosis+1","Dark Embrace","Twin Strike","Shockwave","Battle Trance+1","Demon Form+1","Offering","True Grit+1","Ghostly","Ghostly","Ghostly","Cleave","Heavy Blade","Offering","Seeing Red+1","Cleave+1","Pummel+1","Limit Break","Exhume","Corruption","Feel No Pain","Warcry+1","Feel No Pain"],"special_seed":0,"relics":["Burning Blood","Paper Frog","Art of War","Gremlin Horn","Orichalcum","Odd Mushroom","Fusion Hammer","Eternal Feather","Bag of Preparation","Magic Flower","InkBottle","Bag of Marbles","Astrolabe","Orrery","HornCleat","Blood Vial","Strange Spoon","MawBank","StoneCalendar"],"potions_floor_usage":[56],"damage_taken":[{"damage":6.0,"enemies":"Jaw Worm","floor":1.0,"turns":4.0},{"damage":9.0,"enemies":"2 Louse","floor":2.0,"turns":3.0},{"damage":11.0,"enemies":"Small Slimes","floor":3.0,"turns":4.0},{"damage":8.0,"enemies":"Lagavulin","floor":6.0,"turns":7.0},{"damage":24.0,"enemies":"3 Sentries","floor":8.0,"turns":8.0},{"damage":3.0,"enemies":"Looter","floor":10.0,"turns":3.0},{"damage":8.0,"enemies":"Gremlin Nob","floor":11.0,"turns":3.0},{"damage":12.0,"enemies":"Exordium Wildlife","floor":12.0,"turns":4.0},{"damage":0.0,"enemies":"The Mushroom Lair","floor":14.0,"turns":2.0},{"damage":20.0,"enemies":"Slime Boss","floor":16.0,"turns":5.0},{"damage":19.0,"enemies":"2 Thieves","floor":18.0,"turns":3.0},{"damage":10.0,"enemies":"3 Byrds","floor":20.0,"turns":4.0},{"damage":12.0,"enemies":"Slavers","floor":23.0,"turns":6.0},{"damage":1.0,"enemies":"Cultist and Chosen","floor":25.0,"turns":5.0},{"damage":10.0,"enemies":"Book of Stabbing","floor":27.0,"turns":4.0},{"damage":9.0,"enemies":"Slavers","floor":29.0,"turns":6.0},{"damage":6.0,"enemies":"3 Cultists","floor":30.0,"turns":5.0},{"damage":1.0,"enemies":"Centurion and Healer","floor":31.0,"turns":6.0},{"damage":9.0,"enemies":"Champ","floor":33.0,"turns":8.0},{"damage":0.0,"enemies":"3 Shapes","floor":35.0,"turns":4.0},{"damage":3.0,"enemies":"3 Darklings","floor":39.0,"turns":2.0},{"damage":21.0,"enemies":"Giant Head","floor":40.0,"turns":5.0},{"damage":19.0,"enemies":"Sphere and 2 Shapes","floor":42.0,"turns":5.0},{"damage":3.0,"enemies":"Reptomancer","floor":44.0,"turns":3.0},{"damage":7.0,"enemies":"Writhing Mass","floor":45.0,"turns":3.0},{"damage":13.0,"enemies":"Nemesis","floor":48.0,"turns":5.0},{"damage":31.0,"enemies":"Awakened One","floor":50.0,"turns":5.0},{"damage":2.0,"enemies":"Donu and Deca","floor":51.0,"turns":6.0},{"damage":14.0,"enemies":"Shield and Spear","floor":55.0,"turns":5.0},{"damage":55,"enemies":"The Heart","floor":56,"turns":8}],"seed_played":"-115693915994946793","potions_obtained":[{"floor":2.0,"key":"LiquidBronze"},{"floor":3.0,"key":"ElixirPotion"},{"floor":8.0,"key":"Regen Potion"},{"floor":14.0,"key":"SteroidPotion"},{"floor":16.0,"key":"DuplicationPotion"},{"floor":27.0,"key":"FairyPotion"}],"is_trial":false,"path_per_floor":["M","M","M","?","?","E","R","E","T","M","E","M","R","?","R","B",null,"M","?","M","?","$","E","$","M","T","E","R","E","M","M","R","B",null,"M","?","$","?","M","E","R","M","T","E","M","R","$","E","R","B","B",null,"R","$","E","B",null],"character_chosen":"IRONCLAD","items_purchased":["Bag of Preparation","Orrery","Feel No Pain","Strange Spoon"],"campfire_rested":5,"item_purchase_floors":[24,37,37,47],"current_hp_per_floor":[68,65,60,53,58,56,56,38,38,41,39,45,45,51,51,37,69,56,56,52,40,40,34,34,39,39,38,40,40,40,40,40,40,40,40,40,40,38,38,26,38,28,28,34,38,38,38,34,38,16,26,35,38,38,33,14],"gold":64,"neow_bonus":"RANDOM_COLORLESS_2","is_prod":false,"is_daily":false,"chose_seed":false,"campfire_upgraded":3,"win_rate":0,"timestamp":1666235785,"path_taken":["M","M","M","?","?","E","R","E","T","M","E","M","R","?","R","BOSS","M","?","M","?","$","E","$","M","T","E","R","E","M","M","R","BOSS","M","?","$","?","M","E","R","M","T","E","M","R","?","E","R","BOSS","BOSS","R","$","E","BOSS"],"build_version":"2022-10-04","purchased_purges":2,"victory":true,"max_hp_per_floor":[75,75,75,75,80,80,80,80,80,80,80,80,80,80,80,80,80,80,80,80,40,40,40,40,40,40,40,40,40,40,40,40,40,40,40,40,40,38,38,38,38,38,38,38,38,38,38,38,38,38,38,38,38,38,38,38],"relic_stats":{"Gremlin Horn":[26,32],"counters":[30,141],"Astrolabe":["Seeing Red","Cleave","Pummel"],"Magic Flower":[44],"Eternal Feather":21,"StoneCalendar":[0],"Bag of Preparation":[34],"Orichalcum":[204],"MawBank":72,"Burning Blood":201,"Blood Vial":9,"Strange Spoon":[40],"Art of War":[24],"obtain_stats":[{"Gremlin Horn":9,"Astrolabe":34,"Magic Flower":26,"Eternal Feather":23,"StoneCalendar":55,"Bag of Preparation":24,"Orichalcum":11,"Odd Mushroom":14,"MawBank":48,"Burning Blood":0,"Blood Vial":44,"Strange Spoon":47,"HornCleat":40,"Orrery":37,"Fusion Hammer":17,"Art of War":8,"Bag of Marbles":29,"InkBottle":27,"Paper Frog":6},{"Gremlin Horn":5,"Astrolabe":19,"Magic Flower":14,"Eternal Feather":13,"StoneCalendar":29,"Bag of Preparation":13,"Orichalcum":7,"Odd Mushroom":9,"MawBank":26,"Burning Blood":0,"Blood Vial":24,"Strange Spoon":25,"HornCleat":22,"Orrery":20,"Fusion Hammer":10,"Art of War":5,"Bag of Marbles":16,"InkBottle":15,"Paper Frog":4},{"Gremlin Horn":26,"Astrolabe":90,"Magic Flower":61,"Eternal Feather":56,"StoneCalendar":133,"Bag of Preparation":56,"Orichalcum":32,"Odd Mushroom":38,"MawBank":117,"Burning Blood":0,"Blood Vial":109,"Strange Spoon":112,"HornCleat":101,"Orrery":94,"Fusion Hammer":43,"Art of War":26,"Bag of Marbles":71,"InkBottle":65,"Paper Frog":18}],"InkBottle":[33]},"card_choices":[{"not_picked":["Chrysalis","Sadistic Nature"],"picked":"Apotheosis","floor":0.0},{"not_picked":["Shrug It Off","Pummel"],"picked":"Perfected Strike","floor":1.0},{"not_picked":["Flex","Shrug It Off"],"picked":"Dark Embrace","floor":2.0},{"not_picked":["Iron Wave","Searing Blow"],"picked":"Twin Strike","floor":3.0},{"not_picked":["Evolve","Uppercut"],"picked":"Shockwave","floor":6.0},{"not_picked":["Armaments","Warcry","Blood for Blood"],"picked":"SKIP","floor":8.0},{"not_picked":["Bloodletting","Havoc"],"picked":"Battle Trance","floor":10.0},{"not_picked":["Pummel","Twin Strike"],"picked":"Demon Form","floor":11.0},{"not_picked":["Warcry","Uppercut","Pommel Strike"],"picked":"SKIP","floor":12.0},{"not_picked":["Warcry","Uppercut","Pommel Strike"],"picked":"SKIP","floor":12.0},{"not_picked":["Fiend Fire","Brutality"],"picked":"Offering","floor":16.0},{"not_picked":["Uppercut+1","Dark Embrace","Twin Strike+1"],"picked":"SKIP","floor":18.0},{"not_picked":["Shrug It Off","Clash"],"picked":"True Grit+1","floor":20.0},{"not_picked":["Entrench","Iron Wave","Perfected Strike+1"],"picked":"SKIP","floor":23.0},{"not_picked":["Rupture","Clash","Iron Wave"],"picked":"SKIP","floor":25.0},{"not_picked":["Shockwave","Warcry"],"picked":"Cleave","floor":27.0},{"not_picked":["Wild Strike","Havoc"],"picked":"Heavy Blade","floor":29.0},{"not_picked":["Cleave","Thunderclap","Flex"],"picked":"SKIP","floor":30.0},{"not_picked":["Heavy Blade","Sword Boomerang","Combust"],"picked":"SKIP","floor":31.0},{"not_picked":["Berserk","Fiend Fire"],"picked":"Offering","floor":33.0},{"not_picked":["Rage","Rupture","Clash"],"picked":"SKIP","floor":35.0},{"not_picked":["Flex+1","Body Slam"],"picked":"Limit Break","floor":37.0},{"not_picked":["Perfected Strike","Clash"],"picked":"Exhume","floor":37.0},{"not_picked":["Armaments","True Grit"],"picked":"Corruption","floor":37.0},{"not_picked":["Hemokinesis+1","Uppercut+1"],"picked":"Warcry+1","floor":39.0},{"not_picked":["Battle Trance+1","Thunderclap+1"],"picked":"Feel No Pain","floor":40.0},{"not_picked":["Sword Boomerang+1","Armaments+1","Infernal Blade"],"picked":"SKIP","floor":42.0},{"not_picked":["Pummel","Dark Embrace","Havoc+1"],"picked":"SKIP","floor":44.0},{"not_picked":["Ghostly Armor","Hemokinesis","Pummel"],"picked":"SKIP","floor":45.0},{"not_picked":["Ghostly Armor","Armaments","Dual Wield"],"picked":"SKIP","floor":48.0},{"not_picked":["Clash","Carnage","Iron Wave"],"picked":"SKIP","floor":55.0}],"player_experience":1173806,"relics_obtained":[{"floor":6.0,"key":"Paper Frog"},{"floor":8.0,"key":"Art of War"},{"floor":9.0,"key":"Gremlin Horn"},{"floor":11.0,"key":"Orichalcum"},{"floor":14.0,"key":"Odd Mushroom"},{"floor":23.0,"key":"Eternal Feather"},{"floor":26.0,"key":"Magic Flower"},{"floor":27.0,"key":"InkBottle"},{"floor":29.0,"key":"Bag of Marbles"},{"floor":40.0,"key":"HornCleat"},{"floor":44.0,"key":"Blood Vial"},{"floor":48.0,"key":"MawBank"},{"floor":55.0,"key":"StoneCalendar"}],"event_choices":[{"cards_removed":["Defend_R"],"damage_healed":0.0,"max_hp_gain":0.0,"max_hp_loss":0.0,"gold_gain":0.0,"event_name":"Golden Wing","player_choice":"Card Removal","floor":4.0,"gold_loss":0.0,"damage_taken":7.0},{"damage_healed":0.0,"max_hp_gain":5.0,"max_hp_loss":0.0,"gold_gain":0.0,"event_name":"Big Fish","player_choice":"Donut","floor":5.0,"gold_loss":0.0,"damage_taken":0.0},{"damage_healed":0.0,"max_hp_gain":0.0,"max_hp_loss":0.0,"gold_gain":0.0,"event_name":"Mushrooms","player_choice":"Fought Mushrooms","floor":14.0,"gold_loss":0.0,"damage_taken":0.0},{"damage_healed":0.0,"max_hp_gain":0.0,"max_hp_loss":0.0,"gold_gain":0.0,"event_name":"The Mausoleum","player_choice":"Ignored","floor":19.0,"gold_loss":0.0,"damage_taken":0.0},{"damage_healed":0.0,"max_hp_gain":0.0,"max_hp_loss":40.0,"gold_gain":0.0,"event_name":"Ghosts","player_choice":"Became a Ghost","floor":21.0,"gold_loss":0.0,"damage_taken":0.0,"cards_obtained":["Ghostly","Ghostly","Ghostly"]},{"damage_healed":0.0,"max_hp_gain":0.0,"max_hp_loss":0.0,"gold_gain":0.0,"event_name":"Tomb of Lord Red Mask","player_choice":"Ignored","floor":36.0,"gold_loss":0.0,"damage_taken":0.0},{"damage_healed":0.0,"max_hp_gain":0.0,"max_hp_loss":2.0,"gold_gain":0.0,"event_name":"Winding Halls","player_choice":"Max HP","floor":38.0,"gold_loss":0.0,"damage_taken":0.0}],"is_beta":false,"boss_relics":[{"not_picked":["Black Star","Empty Cage"],"picked":"Fusion Hammer"},{"not_picked":["Cursed Key","Coffee Dripper"],"picked":"Astrolabe"}],"items_purged_floors":[22,54],"is_endless":false,"potions_floor_spawned":[2,3,8,14,16,18,23,27,31,35,40,44,48],"ascension_level":20}