{"gold_per_floor":[109,109,124,134,59,59,94,106,106,171,198,198,224,243,243,314,314,325,86,86,96,21,46,46,79,153,153,188,200,213,229,229,307,307,326,338,33,52,65,100,152,181,181,181,214,225,239,264,264,264,264,264,264,20,52,52],"floor_reached":57,"playtime":3650,"items_purged":["Strike_R","Strike_R"],"score":3044,"play_id":"b79af20a-71df-4660-bb50-4dc578f25955","local_time":"20221018214026","is_ascension_mode":true,"campfire_choices":[{"data":"Carnage","floor":6.0,"key":"SMITH"},{"data":"Bash","floor":15.0,"key":"SMITH"},{"data":"Corruption","floor":24.0,"key":"SMITH"},{"data":"Shrug It Off","floor":27.0,"key":"SMITH"},{"data":"Burning Pact","floor":32.0,"key":"SMITH"},{"floor":44.0,"key":"RECALL"}],"neow_cost":"TEN_PERCENT_HP_LOSS","seed_source_timestamp":167934803115200,"circlet_count":0,"master_deck":["AscendersBane","Defend_R","Defend_R","Defend_R","Defend_R","Bash+1","Wild Strike+1","Pommel Strike","Carnage+1","Shockwave+1","Corruption+1","Shrug It Off+1","Bite","Bite","Bite","Bite","Cleave+1","Impervious","Burning Pact+1","True Grit+1","Offering","Sentinel","Shrug It Off","Inflame","Feel No Pain","Inflame","Body Slam+1","Burning Pact","Warcry+1","Flame Barrier","Armaments+1","Battle Trance+1","Evolve","Burning Pact","Metallicize","Dark Embrace"],"special_seed":0,"relics":["Burning Blood","TungstenRod","The Courier","White Beast Statue","Letter Opener","Singing Bowl","Toy Ornithopter","Coffee Dripper","Pen Nib","InkBottle","Centennial Puzzle","Bottled Tornado","Fusion Hammer","TheAbacus","Magic Flower","CaptainsWheel","Potion Belt","Regal Pillow","Thread and Needle","StoneCalendar","Oddly Smooth Stone"],"potions_floor_usage":[56,56],"damage_taken":[{"damage":7.0,"enemies":"Jaw Worm","floor":1.0,"turns":5.0},{"damage":0.0,"enemies":"Cultist","floor":3.0,"turns":2.0},{"damage":8.0,"enemies":"Small Slimes","floor":4.0,"turns":3.0},{"damage":0.0,"enemies":"Gremlin Nob","floor":7.0,"turns":2.0},{"damage":7.0,"enemies":"Blue Slaver","floor":8.0,"turns":3.0},{"damage":25.0,"enemies":"Lagavulin Event","floor":10.0,"turns":4.0},{"damage":26.0,"enemies":"3 Sentries","floor":11.0,"turns":6.0},{"damage":9.0,"enemies":"Lagavulin","floor":13.0,"turns":4.0},{"damage":0.0,"enemies":"Looter","floor":14.0,"turns":2.0},{"damage":49.0,"enemies":"Hexaghost","floor":16.0,"turns":10.0},{"damage":34.0,"enemies":"Spheric Guardian","floor":18.0,"turns":5.0},{"damage":0.0,"enemies":"Chosen","floor":21.0,"turns":5.0},{"damage":30.0,"enemies":"Gremlin Leader","floor":23.0,"turns":6.0},{"damage":18.0,"enemies":"Book of Stabbing","floor":25.0,"turns":5.0},{"damage":18.0,"enemies":"Gremlin Leader","floor":28.0,"turns":6.0},{"damage":16.0,"enemies":"Centurion and Healer","floor":29.0,"turns":8.0},{"damage":10.0,"enemies":"Snake Plant","floor":30.0,"turns":2.0},{"damage":3.0,"enemies":"Cultist and Chosen","floor":31.0,"turns":5.0},{"damage":66.0,"enemies":"Collector","floor":33.0,"turns":8.0},{"damage":1.0,"enemies":"Orb Walker","floor":35.0,"turns":3.0},{"damage":4.0,"enemies":"3 Shapes","floor":36.0,"turns":5.0},{"damage":11.0,"enemies":"Writhing Mass","floor":38.0,"turns":6.0},{"damage":5.0,"enemies":"Transient","floor":39.0,"turns":6.0},{"damage":56.0,"enemies":"Nemesis","floor":40.0,"turns":5.0},{"damage":5.0,"enemies":"2 Orb Walkers","floor":41.0,"turns":3.0},{"damage":5.0,"enemies":"Reptomancer","floor":42.0,"turns":4.0},{"damage":5.0,"enemies":"Giant Head","floor":45.0,"turns":4.0},{"damage":8.0,"enemies":"Maw","floor":46.0,"turns":6.0},{"damage":5.0,"enemies":"4 Shapes","floor":47.0,"turns":11.0},{"damage":5.0,"enemies":"Mind Bloom Boss Battle","floor":48.0,"turns":5.0},{"damage":24.0,"enemies":"Time Eater","floor":50.0,"turns":9.0},{"damage":27.0,"enemies":"Donu and Deca","floor":51.0,"turns":8.0},{"damage":5.0,"enemies":"Shield and Spear","floor":55.0,"turns":6.0},{"damage":37,"enemies":"The Heart","floor":56,"turns":7}],"seed_played":"-3299203889163932142","potions_obtained":[{"floor":3.0,"key":"DuplicationPotion"},{"floor":4.0,"key":"EssenceOfSteel"},{"floor":8.0,"key":"DuplicationPotion"},{"floor":10.0,"key":"Weak Potion"},{"floor":11.0,"key":"ColorlessPotion"},{"floor":13.0,"key":"Explosive Potion"},{"floor":14.0,"key":"FearPotion"},{"floor":16.0,"key":"Strength Potion"},{"floor":18.0,"key":"Block Potion"},{"floor":21.0,"key":"BlessingOfTheForge"},{"floor":23.0,"key":"Block Potion"},{"floor":25.0,"key":"SmokeBomb"},{"floor":28.0,"key":"GamblersBrew"},{"floor":33.0,"key":"GamblersBrew"},{"floor":35.0,"key":"DuplicationPotion"},{"floor":40.0,"key":"Energy Potion"},{"floor":41.0,"key":"LiquidBronze"},{"floor":42.0,"key":"SkillPotion"},{"floor":45.0,"key":"Dexterity Potion"},{"floor":46.0,"key":"Energy Potion"},{"floor":47.0,"key":"AttackPotion"},{"floor":55.0,"key":"EssenceOfSteel"}],"is_trial":false,"path_per_floor":["M","?","M","M","$","R","E","M","T","?","E","?","E","M","R","B",null,"M","$","?","M","?","E","R","E","T","R","E","M","M","M","R","B",null,"M","M","$","M","M","E","?","E","T","R","E","M","M","?","R","B","B",null,"R","$","E","B",null],"character_chosen":"IRONCLAD","items_purchased":["Shrug It Off","Pen Nib","TheAbacus","Inflame","Feel No Pain","Inflame","Evolve","Burning Pact","Metallicize","Dark Embrace"],"campfire_rested":0,"item_purchase_floors":[19,19,37,37,37,37,54,54,54,54],"current_hp_per_floor":[67,67,68,66,66,66,68,67,67,48,30,30,29,42,42,9,58,32,32,32,55,55,35,35,30,30,30,28,46,46,59,59,16,48,59,59,59,59,61,21,33,57,57,57,65,65,65,65,65,65,52,62,62,62,67,57],"gold":52,"neow_bonus":"ONE_RARE_RELIC","is_prod":false,"is_daily":false,"chose_seed":false,"campfire_upgraded":5,"win_rate":0,"timestamp":1666143626,"path_taken":["M","?","M","M","$","R","E","?","T","?","E","?","E","M","R","BOSS","M","$","?","M","?","E","R","E","T","R","E","M","M","M","R","BOSS","M","M","$","M","M","E","?","E","T","R","E","M","M","?","R","BOSS","BOSS","R","$","E","BOSS"],"build_version":"2022-10-04","purchased_purges":2,"victory":true,"max_hp_per_floor":[68,68,68,68,68,68,68,68,68,68,70,70,72,74,74,74,74,76,76,53,55,55,55,55,55,55,55,57,59,59,59,59,59,59,59,59,59,59,61,63,65,65,65,65,65,65,65,65,65,65,65,65,65,65,67,67],"card_choices":[{"not_picked":["Flex","Warcry"],"picked":"Wild Strike","floor":1.0},{"not_picked":["Armaments","Rampage"],"picked":"Pommel Strike","floor":3.0},{"not_picked":["Intimidate","Clash"],"picked":"Carnage","floor":4.0},{"not_picked":["Headbutt","Entrench","Pommel Strike"],"picked":"SKIP","floor":7.0},{"not_picked":["Shrug It Off","Dropkick","Headbutt"],"picked":"SKIP","floor":8.0},{"not_picked":["Heavy Blade","Pommel Strike"],"picked":"Shockwave","floor":10.0},{"not_picked":["Clothesline","Pummel","Shockwave"],"picked":"Singing Bowl","floor":11.0},{"not_picked":["Barricade","Body Slam","Reckless Charge"],"picked":"Singing Bowl","floor":13.0},{"not_picked":["Clothesline","Cleave","Dark Embrace"],"picked":"Singing Bowl","floor":14.0},{"not_picked":["Immolate","Barricade"],"picked":"Corruption","floor":16.0},{"not_picked":["Fire Breathing","Body Slam","Iron Wave"],"picked":"Singing Bowl","floor":18.0},{"not_picked":["Heavy Blade","True Grit","Warcry"],"picked":"Singing Bowl","floor":21.0},{"not_picked":["Searing Blow","Blood for Blood"],"picked":"Cleave+1","floor":23.0},{"not_picked":["Heavy Blade","Shockwave"],"picked":"Impervious","floor":25.0},{"not_picked":["Flex+1","Headbutt","Searing Blow"],"picked":"Singing Bowl","floor":28.0},{"not_picked":["Anger","Warcry","Bloodletting"],"picked":"Singing Bowl","floor":29.0},{"not_picked":["Thunderclap","Corruption"],"picked":"Burning Pact","floor":30.0},{"not_picked":["Body Slam","Headbutt"],"picked":"True Grit+1","floor":31.0},{"not_picked":["Exhume","Immolate"],"picked":"Offering","floor":33.0},{"not_picked":["True Grit","Havoc"],"picked":"Sentinel","floor":35.0},{"not_picked":["Shockwave","Wild Strike+1"],"picked":"Shrug It Off","floor":36.0},{"not_picked":["Havoc+1","Sentinel+1"],"picked":"Body Slam+1","floor":38.0},{"not_picked":["Carnage","Body Slam+1","Warcry"],"picked":"Singing Bowl","floor":39.0},{"not_picked":["Dropkick","Combust","Iron Wave"],"picked":"Singing Bowl","floor":40.0},{"not_picked":["Clash","Sword Boomerang","Flex"],"picked":"Singing Bowl","floor":41.0},{"not_picked":["Shrug It Off","Reaper"],"picked":"Burning Pact","floor":42.0},{"not_picked":["Ghostly Armor","Flex"],"picked":"Warcry+1","floor":45.0},{"not_picked":["Twin Strike","Heavy Blade"],"picked":"Flame Barrier","floor":46.0},{"not_picked":["Anger","Spot Weakness"],"picked":"Armaments+1","floor":47.0},{"not_picked":["True Grit","Body Slam+1"],"picked":"Battle Trance+1","floor":48.0},{"not_picked":["Rage","Sever Soul","Carnage"],"picked":"Singing Bowl","floor":55.0}],"player_experience":1162358,"relics_obtained":[{"floor":7.0,"key":"The Courier"},{"floor":9.0,"key":"White Beast Statue"},{"floor":10.0,"key":"Letter Opener"},{"floor":11.0,"key":"Singing Bowl"},{"floor":13.0,"key":"Toy Ornithopter"},{"floor":23.0,"key":"InkBottle"},{"floor":25.0,"key":"Centennial Puzzle"},{"floor":28.0,"key":"Bottled Tornado"},{"floor":40.0,"key":"Magic Flower"},{"floor":41.0,"key":"CaptainsWheel"},{"floor":42.0,"key":"Potion Belt"},{"floor":43.0,"key":"Regal Pillow"},{"floor":45.0,"key":"Thread and Needle"},{"floor":48.0,"key":"StoneCalendar"},{"floor":55.0,"key":"Oddly Smooth Stone"}],"event_choices":[{"damage_healed":0.0,"max_hp_gain":0.0,"max_hp_loss":0.0,"gold_gain":0.0,"event_name":"Upgrade Shrine","player_choice":"Upgraded","floor":2.0,"gold_loss":0.0,"damage_taken":0.0,"cards_upgraded":["Wild Strike"]},{"damage_healed":0.0,"max_hp_gain":0.0,"max_hp_loss":0.0,"gold_gain":0.0,"event_name":"Dead Adventurer","player_choice":"Searched \u00272\u0027 times","floor":10.0,"gold_loss":0.0,"damage_taken":0.0},{"damage_healed":0.0,"max_hp_gain":0.0,"max_hp_loss":0.0,"gold_gain":0.0,"event_name":"Living Wall","player_choice":"Grow","floor":12.0,"gold_loss":0.0,"damage_taken":0.0,"cards_upgraded":["Shockwave"]},{"damage_healed":0.0,"max_hp_gain":0.0,"max_hp_loss":23.0,"gold_gain":0.0,"event_name":"Vampires","player_choice":"Became a vampire","floor":20.0,"gold_loss":0.0,"damage_taken":0.0,"cards_obtained":["Bite","Bite","Bite","Bite","Bite"]},{"cards_removed":["Bite"],"damage_healed":0.0,"max_hp_gain":0.0,"max_hp_loss":0.0,"gold_gain":0.0,"event_name":"Beggar","player_choice":"Gave Gold","floor":22.0,"gold_loss":75.0,"damage_taken":0.0},{"damage_healed":0.0,"max_hp_gain":0.0,"max_hp_loss":0.0,"gold_gain":0.0,"event_name":"Mysterious Sphere","player_choice":"Fight","floor":41.0,"gold_loss":0.0,"damage_taken":0.0},{"damage_healed":0.0,"max_hp_gain":0.0,"max_hp_loss":0.0,"gold_gain":0.0,"event_name":"MindBloom","player_choice":"Fight","floor":48.0,"gold_loss":0.0,"damage_taken":0.0}],"is_beta":false,"boss_relics":[{"not_picked":["SacredBark","Black Blood"],"picked":"Coffee Dripper"},{"not_picked":["Sozu","Philosopher\u0027s Stone"],"picked":"Fusion Hammer"}],"items_purged_floors":[5,19],"is_endless":false,"potions_floor_spawned":[3,4,8,10,11,13,14,16,18,21,23,25,28,29,30,31,33,35,36,38,39,40,41,42,45,46,47,48,55],"ascension_level":20}