{"gold_per_floor":[119,194,208,37,57,57,87,104,131,165,191,191,204,230,230,230],"floor_reached":16,"playtime":1137,"items_purged":[],"score":244,"play_id":"021e6d6b-c3dc-466d-84a6-8c705db24410","local_time":"20221108202758","is_ascension_mode":true,"campfire_choices":[{"data":"Perfected Strike","floor":6,"key":"SMITH"},{"data":"Perfected Strike","floor":12,"key":"SMITH"},{"data":"Disarm","floor":15,"key":"SMITH"}],"neow_cost":"PERCENT_DAMAGE","seed_source_timestamp":151044886297000,"circlet_count":0,"master_deck":["AscendersBane","Strike_R","Strike_R","Strike_R","Strike_R","Strike_R","Defend_R","Defend_R","Defend_R","Defend_R","Bash","Pommel Strike","Wild Strike","Perfected Strike+1","Disarm+1","Feel No Pain","Perfected Strike+1"],"relics":["Burning Blood","Bird Faced Urn","PreservedInsect","Omamori","Happy Flower","CeramicFish","Matryoshka"],"potions_floor_usage":[10,16],"damage_taken":[{"damage":13,"enemies":"Small Slimes","floor":1,"turns":6},{"damage":11,"enemies":"Jaw Worm","floor":3,"turns":4},{"damage":3,"enemies":"2 Louse","floor":5,"turns":2},{"damage":4,"enemies":"Gremlin Nob","floor":7,"turns":3},{"damage":10,"enemies":"Large Slime","floor":8,"turns":5},{"damage":13,"enemies":"Lagavulin","floor":10,"turns":5},{"damage":1,"enemies":"3 Louse","floor":11,"turns":6},{"damage":9,"enemies":"Exordium Wildlife","floor":13,"turns":3},{"damage":7,"enemies":"3 Sentries","floor":14,"turns":6},{"damage":26,"enemies":"The Guardian","floor":16,"turns":11}],"seed_played":"-3647964019128244455","potions_obtained":[{"floor":3,"key":"ElixirPotion"},{"floor":8,"key":"CultistPotion"},{"floor":11,"key":"Strength Potion"},{"floor":13,"key":"Energy Potion"}],"is_trial":false,"path_per_floor":["M","?","M","$","M","R","E","M","T","E","M","R","M","E","R","B"],"character_chosen":"IRONCLAD","items_purchased":["PreservedInsect"],"campfire_rested":0,"item_purchase_floors":[4],"current_hp_per_floor":[43,32,27,27,30,30,32,28,28,21,26,26,23,24,24,0],"gold":230,"neow_bonus":"ONE_RARE_RELIC","is_prod":false,"is_daily":false,"chose_seed":false,"campfire_upgraded":3,"win_rate":0,"timestamp":1667957278,"path_taken":["M","?","M","$","M","R","E","M","T","E","M","R","M","E","R","BOSS"],"build_version":"2022-10-04","purchased_purges":0,"victory":false,"max_hp_per_floor":[75,75,75,75,75,75,75,75,75,75,75,75,75,75,75,75],"relic_stats":{"Matryoshka":0,"Happy Flower":[10],"counters":[10,51],"Bird Faced Urn":[4],"CeramicFish":18,"PreservedInsect":84,"Omamori":0,"obtain_stats":[{"Matryoshka":14,"Happy Flower":9,"Bird Faced Urn":0,"CeramicFish":10,"PreservedInsect":4,"Omamori":7,"Burning Blood":0},{"Matryoshka":9,"Happy Flower":5,"Bird Faced Urn":0,"CeramicFish":6,"PreservedInsect":2,"Omamori":4,"Burning Blood":0},{"Matryoshka":40,"Happy Flower":20,"Bird Faced Urn":0,"CeramicFish":25,"PreservedInsect":10,"Omamori":15,"Burning Blood":0}],"Burning Blood":54},"card_choices":[{"not_picked":["True Grit","Cleave"],"picked":"Pommel Strike","floor":1},{"not_picked":["Anger","Perfected Strike"],"picked":"Wild Strike","floor":3},{"not_picked":["Sword Boomerang","Flex"],"picked":"Perfected Strike","floor":5},{"not_picked":["Warcry","Iron Wave","Thunderclap"],"picked":"SKIP","floor":7},{"not_picked":["Anger","Body Slam"],"picked":"Disarm","floor":8},{"not_picked":["Burning Pact","Dual Wield"],"picked":"Feel No Pain","floor":10},{"not_picked":["Demon Form","Flex"],"picked":"Perfected Strike","floor":11},{"not_picked":["Infernal Blade","Whirlwind","Havoc"],"picked":"SKIP","floor":13},{"not_picked":["Bludgeon","Flex","Twin Strike"],"picked":"SKIP","floor":14}],"player_experience":1200745,"relics_obtained":[{"floor":7,"key":"Omamori"},{"floor":9,"key":"Happy Flower"},{"floor":10,"key":"CeramicFish"},{"floor":14,"key":"Matryoshka"}],"event_choices":[{"damage_healed":0,"gold_gain":75,"player_choice":"Gather Gold","damage_taken":11,"max_hp_gain":0,"max_hp_loss":0,"event_name":"World of Goop","floor":2,"gold_loss":0}],"is_beta":false,"boss_relics":[],"items_purged_floors":[],"is_endless":false,"potions_floor_spawned":[3,8,11,13],"killed_by":"The Guardian","ascension_level":20}