{"gold_per_floor":[114,128,147,166,136,136,165,175,175,175,210,210,238,256,256,329,329,342,342,113,142,159,159,171,171,244,109,109,143,155,155,155,229,229,240,255,267,489,489],"floor_reached":39,"playtime":4216,"items_purged":["Perfected Strike+1","Rupture"],"score":942,"play_id":"b64383b5-8605-4002-a549-2da989430fb9","local_time":"20221105234849","is_ascension_mode":true,"campfire_choices":[{"data":"Perfected Strike","floor":6,"key":"SMITH"},{"data":"Shockwave","floor":10,"key":"SMITH"},{"data":"Armaments","floor":12,"key":"SMITH"},{"data":"Combust","floor":15,"key":"SMITH"},{"data":"Offering","floor":23,"key":"SMITH"},{"data":"Barricade","floor":28,"key":"SMITH"},{"floor":32,"key":"REST"}],"neow_cost":"NONE","seed_source_timestamp":1730372906767000,"circlet_count":0,"master_deck":["AscendersBane","Bash","Barricade+1","Headbutt","Flame Barrier","Armaments+1","Shockwave+1","Pommel Strike","Combust+1","Offering+1","Impervious","Sentinel","Body Slam","Fiend Fire","Clothesline","Wild Strike","Headbutt","Berserk","Fiend Fire","Entrench","True Grit","Flame Barrier","Master of Strategy","Dark Embrace"],"relics":["Burning Blood","Red Skull","The Courier","Self Forming Clay","Gremlin Horn","Pandora\u0027s Box","Membership Card","Bag of Preparation","Red Mask","Pantograph","Happy Flower","Empty Cage"],"potions_floor_usage":[7,11,30,39],"damage_taken":[{"damage":18,"enemies":"Cultist","floor":1,"turns":5},{"damage":2,"enemies":"2 Louse","floor":2,"turns":2},{"damage":7,"enemies":"Jaw Worm","floor":3,"turns":5},{"damage":6,"enemies":"Looter","floor":4,"turns":3},{"damage":10,"enemies":"3 Sentries","floor":7,"turns":9},{"damage":19,"enemies":"Large Slime","floor":8,"turns":7},{"damage":8,"enemies":"Lagavulin","floor":11,"turns":5},{"damage":7,"enemies":"3 Sentries","floor":13,"turns":5},{"damage":10,"enemies":"Blue Slaver","floor":14,"turns":4},{"damage":14,"enemies":"Slime Boss","floor":16,"turns":6},{"damage":33,"enemies":"2 Thieves","floor":18,"turns":4},{"damage":14,"enemies":"Masked Bandits","floor":21,"turns":4},{"damage":3,"enemies":"3 Byrds","floor":22,"turns":3},{"damage":14,"enemies":"Cultist and Chosen","floor":24,"turns":5},{"damage":10,"enemies":"Gremlin Leader","floor":29,"turns":4},{"damage":19,"enemies":"Shelled Parasite and Fungi","floor":30,"turns":4},{"damage":32,"enemies":"Champ","floor":33,"turns":15},{"damage":16,"enemies":"Orb Walker","floor":35,"turns":5},{"damage":15,"enemies":"3 Shapes","floor":36,"turns":11},{"damage":34,"enemies":"Writhing Mass","floor":37,"turns":8},{"damage":21,"enemies":"3 Darklings","floor":39,"turns":3}],"seed_played":"-1592030710628433873","potions_obtained":[{"floor":1,"key":"Ancient Potion"},{"floor":3,"key":"Explosive Potion"},{"floor":5,"key":"DistilledChaos"},{"floor":7,"key":"EssenceOfSteel"},{"floor":18,"key":"Explosive Potion"},{"floor":24,"key":"BloodPotion"},{"floor":37,"key":"HeartOfIron"}],"is_trial":false,"path_per_floor":["M","M","M","M","?","R","E","M","T","R","E","R","E","M","R","B",null,"M","?","$","?","M","R","M","?","T","$","R","E","M","?","R","B",null,"M","M","M","?","M"],"character_chosen":"IRONCLAD","items_purchased":["Membership Card","Bag of Preparation","Master of Strategy"],"campfire_rested":1,"item_purchase_floors":[20,20,27],"current_hp_per_floor":[56,60,59,59,59,59,55,42,42,42,40,40,39,35,35,27,63,36,36,36,28,31,31,23,23,23,23,23,19,21,21,43,42,67,57,48,20,20,0],"gold":489,"neow_bonus":"ONE_RANDOM_RARE_CARD","is_prod":false,"is_daily":false,"chose_seed":false,"campfire_upgraded":6,"win_rate":0,"timestamp":1667706529,"path_taken":["M","M","M","?","?","R","E","M","T","R","E","R","E","?","R","BOSS","M","?","$","?","M","R","M","?","T","?","R","E","M","?","R","BOSS","M","M","M","?","M"],"build_version":"2022-10-04","purchased_purges":2,"victory":false,"max_hp_per_floor":[75,75,75,75,75,75,75,75,75,75,75,75,75,75,75,75,75,75,75,75,75,75,75,75,75,75,75,75,75,75,75,75,75,75,75,75,75,75,75],"relic_stats":{"Gremlin Horn":[15,15],"Happy Flower":[15],"counters":[21,117],"Self Forming Clay":[129],"Pantograph":25,"Pandora\u0027s Box":["Sentinel","Rupture","Body Slam","Fiend Fire","Clothesline","Wild Strike","Headbutt","Berserk","Fiend Fire"],"The Courier":335,"Bag of Preparation":[20],"Membership Card":335,"obtain_stats":[{"Gremlin Horn":13,"Happy Flower":29,"Self Forming Clay":11,"Pantograph":26,"Pandora\u0027s Box":17,"The Courier":9,"Bag of Preparation":20,"Red Mask":21,"Membership Card":20,"Empty Cage":34,"Burning Blood":0,"Red Skull":7},{"Gremlin Horn":8,"Happy Flower":15,"Self Forming Clay":7,"Pantograph":14,"Pandora\u0027s Box":10,"The Courier":6,"Bag of Preparation":11,"Red Mask":12,"Membership Card":11,"Empty Cage":17,"Burning Blood":0,"Red Skull":5},{"Gremlin Horn":41,"Happy Flower":71,"Self Forming Clay":36,"Pantograph":67,"Pandora\u0027s Box":51,"The Courier":31,"Bag of Preparation":55,"Red Mask":59,"Membership Card":55,"Empty Cage":90,"Burning Blood":0,"Red Skull":24}],"Burning Blood":120},"card_choices":[{"not_picked":["Dropkick","Body Slam"],"picked":"Headbutt","floor":1},{"not_picked":["Thunderclap","Armaments"],"picked":"Flame Barrier","floor":2},{"not_picked":["Whirlwind","Evolve"],"picked":"Perfected Strike","floor":3},{"not_picked":["Headbutt","Rage"],"picked":"Armaments","floor":4},{"not_picked":["Rupture","Demon Form"],"picked":"Shockwave","floor":7},{"not_picked":["Havoc","Flex"],"picked":"Sword Boomerang","floor":8},{"not_picked":["True Grit","Sword Boomerang"],"picked":"Pommel Strike","floor":11},{"not_picked":["Body Slam","Twin Strike"],"picked":"Combust","floor":13},{"not_picked":["Pommel Strike","Wild Strike"],"picked":"Offering","floor":14},{"not_picked":["Limit Break","Berserk"],"picked":"Impervious","floor":16},{"not_picked":["Rage","Whirlwind","Evolve"],"picked":"SKIP","floor":18},{"not_picked":["Pommel Strike","Searing Blow"],"picked":"True Grit","floor":21},{"not_picked":["Thunderclap","Headbutt","Dual Wield"],"picked":"SKIP","floor":22},{"not_picked":["Flex+1","Clash"],"picked":"Flame Barrier","floor":24},{"not_picked":["Body Slam","Disarm"],"picked":"Dark Embrace","floor":29},{"not_picked":["Thunderclap","Perfected Strike+1","Armaments+1"],"picked":"SKIP","floor":30},{"not_picked":["Headbutt","Clash","Rage"],"picked":"SKIP","floor":35},{"not_picked":["Rage","Armaments","Sword Boomerang+1"],"picked":"SKIP","floor":36},{"not_picked":["Headbutt+1","Dropkick","Cleave"],"picked":"SKIP","floor":37}],"player_experience":1196529,"relics_obtained":[{"floor":7,"key":"Red Skull"},{"floor":9,"key":"The Courier"},{"floor":11,"key":"Self Forming Clay"},{"floor":13,"key":"Gremlin Horn"},{"floor":21,"key":"Red Mask"},{"floor":26,"key":"Pantograph"},{"floor":29,"key":"Happy Flower"}],"event_choices":[{"damage_healed":0,"gold_gain":0,"player_choice":"Bought 2 Potions","damage_taken":0,"max_hp_gain":0,"max_hp_loss":0,"event_name":"The Woman in Blue","floor":5,"gold_loss":0},{"damage_healed":0,"gold_gain":0,"player_choice":"Read","damage_taken":0,"max_hp_gain":0,"max_hp_loss":0,"event_name":"The Library","floor":19,"gold_loss":0,"cards_obtained":["Entrench"]},{"damage_healed":0,"gold_gain":0,"player_choice":"Fought Bandits","damage_taken":0,"max_hp_gain":0,"max_hp_loss":0,"event_name":"Masked Bandits","floor":21,"gold_loss":0},{"damage_healed":0,"gold_gain":0,"player_choice":"Ignored","damage_taken":0,"max_hp_gain":0,"max_hp_loss":0,"event_name":"Cursed Tome","floor":25,"gold_loss":0},{"damage_healed":0,"gold_gain":0,"player_choice":"Smashed Altar","damage_taken":0,"max_hp_gain":0,"max_hp_loss":0,"event_name":"Forgotten Altar","floor":31,"gold_loss":0,"cards_obtained":["Decay"]},{"damage_healed":0,"gold_gain":222,"player_choice":"Wore Mask","damage_taken":0,"max_hp_gain":0,"max_hp_loss":0,"event_name":"Tomb of Lord Red Mask","floor":38,"gold_loss":0}],"is_beta":false,"boss_relics":[{"not_picked":["SacredBark","Runic Pyramid"],"picked":"Pandora\u0027s Box"},{"not_picked":["Mark of Pain","Sozu"],"picked":"Empty Cage"}],"items_purged_floors":[20,27],"is_endless":false,"potions_floor_spawned":[1,3,4,7,18,24,37],"killed_by":"3 Darklings","ascension_level":20}