{"gold_per_floor":[117,117,117,132,148,148,183,183,206,238,238,255,288,306,306,380,380,394,319,319,11,11,37,37,69,93,128,143,41,41,101,101,178,178,198,198,73,73,88,116,130,164,164,29,61,61,79,91,91,91,91,91,91,32,63,63],"floor_reached":57,"playtime":6340,"items_purged":["Strike_R","Strike_R","Fire Breathing"],"score":2932,"play_id":"a58d59a4-cc1b-4d6b-ace8-396fa766acb6","local_time":"20221108225049","is_ascension_mode":true,"campfire_choices":[{"data":"Blood for Blood","floor":6,"key":"SMITH"},{"data":"Hemokinesis","floor":8,"key":"SMITH"},{"floor":15,"key":"REST"},{"data":"Berserk","floor":24,"key":"SMITH"},{"data":"Feel No Pain","floor":32,"key":"SMITH"},{"floor":46,"key":"RECALL"},{"floor":49,"key":"REST"},{"floor":53,"key":"REST"}],"neow_cost":"PERCENT_DAMAGE","seed_source_timestamp":154412909248200,"circlet_count":0,"master_deck":["AscendersBane","Defend_R","Defend_R","Defend_R","Defend_R","Bash","Hemokinesis+1","Twin Strike","Blood for Blood+1","Demon Form","Headbutt","Berserk+1","Second Wind+1","Feel No Pain","Feel No Pain+1","Battle Trance+1","Shockwave+1","Power Through+1","Disarm+1","True Grit+1","Finesse+1","Dual Wield+1","Bloodletting+1","Body Slam","Dark Embrace","Reckless Charge","Warcry+1","Evolve"],"relics":["Burning Blood","StoneCalendar","Ancient Tea Set","Juzu Bracelet","Gambling Chip","Toxic Egg 2","Runic Pyramid","Toolbox","Pear","Regal Pillow","Anchor","Blue Candle","Fusion Hammer","HornCleat","Blood Vial","Orichalcum","Happy Flower","Oddly Smooth Stone"],"potions_floor_usage":[7,14,16,23,25,42,56,56],"damage_taken":[{"damage":4,"enemies":"Small Slimes","floor":1,"turns":4},{"damage":9,"enemies":"2 Louse","floor":4,"turns":3},{"damage":1,"enemies":"Cultist","floor":5,"turns":3},{"damage":10,"enemies":"Gremlin Nob","floor":7,"turns":3},{"damage":25,"enemies":"Lagavulin","floor":10,"turns":6},{"damage":23,"enemies":"Red Slaver","floor":12,"turns":6},{"damage":8,"enemies":"Gremlin Nob","floor":13,"turns":3},{"damage":5,"enemies":"Blue Slaver","floor":14,"turns":3},{"damage":13,"enemies":"Hexaghost","floor":16,"turns":6},{"damage":27,"enemies":"3 Byrds","floor":18,"turns":5},{"damage":22,"enemies":"Gremlin Leader","floor":23,"turns":5},{"damage":7,"enemies":"Slavers","floor":25,"turns":3},{"damage":5,"enemies":"Gremlin Leader","floor":27,"turns":5},{"damage":4,"enemies":"Spheric Guardian","floor":28,"turns":6},{"damage":5,"enemies":"Chosen and Byrds","floor":31,"turns":7},{"damage":13,"enemies":"Automaton","floor":33,"turns":6},{"damage":4,"enemies":"3 Darklings","floor":35,"turns":7},{"damage":4,"enemies":"3 Shapes","floor":39,"turns":6},{"damage":8,"enemies":"Reptomancer","floor":40,"turns":6},{"damage":4,"enemies":"Transient","floor":41,"turns":6},{"damage":21,"enemies":"Nemesis","floor":42,"turns":11},{"damage":11,"enemies":"Reptomancer","floor":45,"turns":4},{"damage":2,"enemies":"Writhing Mass","floor":47,"turns":4},{"damage":5,"enemies":"Maw","floor":48,"turns":7},{"damage":31,"enemies":"Awakened One","floor":50,"turns":9},{"damage":15,"enemies":"Donu and Deca","floor":51,"turns":9},{"damage":18,"enemies":"Shield and Spear","floor":55,"turns":6},{"damage":3,"enemies":"The Heart","floor":56,"turns":8}],"seed_played":"1272344637057700105","potions_obtained":[{"floor":1,"key":"Explosive Potion"},{"floor":5,"key":"Swift Potion"},{"floor":12,"key":"Explosive Potion"},{"floor":14,"key":"Weak Potion"},{"floor":18,"key":"ColorlessPotion"},{"floor":31,"key":"Block Potion"},{"floor":35,"key":"PowerPotion"}],"is_trial":false,"path_per_floor":["M","?","?","M","M","R","E","R","T","E","?","M","E","M","R","B",null,"M","$","?","$","?","E","R","E","T","E","M","$","?","M","R","B",null,"M","?","$","T","M","E","M","E","T","$","E","R","M","M","R","B","B",null,"R","$","E","B",null],"character_chosen":"IRONCLAD","items_purchased":["Toolbox","Battle Trance+1","Finesse+1","Dark Embrace","Swift Potion","Warcry+1"],"campfire_rested":3,"item_purchase_floors":[21,21,29,44,44,54],"current_hp_per_floor":[52,57,50,47,52,52,48,48,48,29,29,12,10,11,35,28,67,46,46,46,46,46,40,40,39,39,40,42,42,42,43,43,36,77,79,79,79,79,81,79,83,70,70,70,67,67,73,76,90,65,58,82,90,90,78,83],"gold":63,"neow_bonus":"ONE_RARE_RELIC","is_prod":false,"is_daily":false,"chose_seed":false,"campfire_upgraded":4,"win_rate":0,"timestamp":1667965849,"path_taken":["M","?","?","M","M","R","E","R","T","E","?","M","E","M","R","BOSS","M","$","?","?","?","E","R","E","T","E","M","$","?","M","R","BOSS","M","?","?","?","M","E","M","E","T","?","E","R","M","M","R","BOSS","BOSS","R","$","E","BOSS"],"build_version":"2022-10-04","purchased_purges":3,"victory":true,"max_hp_per_floor":[75,80,80,80,80,80,80,80,80,80,80,80,80,80,80,80,80,80,80,80,80,80,90,90,90,90,90,90,90,90,90,90,90,90,90,90,90,90,90,90,90,90,90,90,90,90,90,90,90,90,90,90,90,90,90,90],"relic_stats":{"Blood Vial":14,"Regal Pillow":0,"Happy Flower":[14],"counters":[28,157],"Gambling Chip":[68],"Blue Candle":[0],"StoneCalendar":[96],"Juzu Bracelet":2,"Orichalcum":[12],"Ancient Tea Set":[14],"obtain_stats":[{"Regal Pillow":25,"Pear":23,"Happy Flower":45,"Blue Candle":27,"Oddly Smooth Stone":55,"StoneCalendar":0,"Juzu Bracelet":9,"Orichalcum":42,"Ancient Tea Set":7,"Burning Blood":0,"Blood Vial":40,"Anchor":26,"HornCleat":38,"Gambling Chip":10,"Toolbox":21,"Fusion Hammer":34,"Toxic Egg 2":13,"Runic Pyramid":17},{"Regal Pillow":12,"Pear":11,"Happy Flower":22,"Blue Candle":13,"Oddly Smooth Stone":27,"StoneCalendar":0,"Juzu Bracelet":4,"Orichalcum":21,"Ancient Tea Set":4,"Burning Blood":0,"Blood Vial":19,"Anchor":12,"HornCleat":17,"Gambling Chip":5,"Toolbox":10,"Fusion Hammer":16,"Toxic Egg 2":7,"Runic Pyramid":9},{"Regal Pillow":50,"Pear":47,"Happy Flower":114,"Blue Candle":55,"Oddly Smooth Stone":149,"StoneCalendar":0,"Juzu Bracelet":13,"Orichalcum":110,"Ancient Tea Set":13,"Burning Blood":0,"Blood Vial":93,"Anchor":50,"HornCleat":81,"Gambling Chip":19,"Toolbox":42,"Fusion Hammer":74,"Toxic Egg 2":28,"Runic Pyramid":37}],"Burning Blood":168},"card_choices":[{"not_picked":["Perfected Strike","Rupture"],"picked":"Hemokinesis","floor":1},{"not_picked":["Sentinel","Burning Pact"],"picked":"Twin Strike","floor":4},{"not_picked":["Flex","Armaments"],"picked":"Blood for Blood","floor":5},{"not_picked":["Sword Boomerang","Combust"],"picked":"Demon Form","floor":7},{"not_picked":["Havoc","Reckless Charge"],"picked":"Headbutt","floor":10},{"not_picked":["Feel No Pain","Headbutt","Cleave"],"picked":"SKIP","floor":12},{"not_picked":["Brutality","Rage+1","Havoc+1"],"picked":"SKIP","floor":13},{"not_picked":["Flex+1","Pommel Strike"],"picked":"Second Wind+1","floor":14},{"not_picked":["Warcry+1","Twin Strike"],"picked":"Feel No Pain","floor":18},{"not_picked":["Flex+1","Anger"],"picked":"Shockwave+1","floor":23},{"not_picked":["Ghostly Armor+1","Infernal Blade+1"],"picked":"Power Through+1","floor":25},{"not_picked":["Rupture","Inflame"],"picked":"Disarm+1","floor":27},{"not_picked":["Shrug It Off+1","Headbutt+1"],"picked":"True Grit+1","floor":28},{"not_picked":["Metallicize","Wild Strike"],"picked":"Dual Wield+1","floor":31},{"not_picked":["Demon Form","Double Tap+1"],"picked":"Limit Break+1","floor":33},{"not_picked":["Power Through+1","Shockwave+1"],"picked":"Bloodletting+1","floor":35},{"not_picked":["Twin Strike+1","Inflame","Sword Boomerang"],"picked":"SKIP","floor":39},{"not_picked":["Power Through+1","Thunderclap+1"],"picked":"Body Slam","floor":40},{"not_picked":["Thunderclap+1","Intimidate+1","Headbutt"],"picked":"SKIP","floor":41},{"not_picked":["Clothesline+1","True Grit+1","Shockwave+1"],"picked":"SKIP","floor":42},{"not_picked":["Fire Breathing","Carnage"],"picked":"Reckless Charge","floor":45},{"not_picked":["Fire Breathing","Whirlwind","Intimidate+1"],"picked":"SKIP","floor":47},{"not_picked":["Twin Strike","Pommel Strike","Cleave"],"picked":"SKIP","floor":48},{"not_picked":["Twin Strike","Pommel Strike","Cleave"],"picked":"SKIP","floor":48},{"not_picked":["Twin Strike","Pommel Strike","Cleave"],"picked":"SKIP","floor":48},{"not_picked":["Anger","Double Tap+1"],"picked":"Evolve","floor":55}],"player_experience":1203850,"relics_obtained":[{"floor":7,"key":"Ancient Tea Set"},{"floor":9,"key":"Juzu Bracelet"},{"floor":10,"key":"Gambling Chip"},{"floor":13,"key":"Toxic Egg 2"},{"floor":23,"key":"Pear"},{"floor":25,"key":"Regal Pillow"},{"floor":26,"key":"Anchor"},{"floor":27,"key":"Blue Candle"},{"floor":38,"key":"HornCleat"},{"floor":40,"key":"Blood Vial"},{"floor":42,"key":"Orichalcum"},{"floor":45,"key":"Happy Flower"},{"floor":55,"key":"Oddly Smooth Stone"}],"event_choices":[{"damage_healed":0,"gold_gain":0,"player_choice":"Donut","damage_taken":0,"max_hp_gain":5,"max_hp_loss":0,"event_name":"Big Fish","floor":2,"gold_loss":0},{"cards_removed":["Strike_R"],"damage_healed":0,"gold_gain":0,"player_choice":"Card Removal","damage_taken":7,"max_hp_gain":0,"max_hp_loss":0,"event_name":"Golden Wing","floor":3,"gold_loss":0},{"damage_healed":0,"gold_gain":0,"cards_transformed":["Strike_R"],"player_choice":"Transformed","damage_taken":0,"max_hp_gain":0,"max_hp_loss":0,"event_name":"Transmorgrifier","floor":11,"gold_loss":0,"cards_obtained":["Berserk"]},{"damage_healed":0,"gold_gain":0,"player_choice":"Copied","damage_taken":0,"max_hp_gain":0,"max_hp_loss":0,"event_name":"Duplicator","floor":20,"gold_loss":0,"cards_obtained":["Feel No Pain"]},{"cards_removed":["Strike_R"],"damage_healed":0,"gold_gain":0,"player_choice":"Offered Basic","damage_taken":0,"max_hp_gain":0,"max_hp_loss":0,"event_name":"Bonfire Elementals","floor":22,"gold_loss":0},{"damage_healed":0,"gold_gain":0,"player_choice":"Ignored","damage_taken":0,"max_hp_gain":0,"max_hp_loss":0,"event_name":"Cursed Tome","floor":30,"gold_loss":0},{"damage_healed":0,"gold_gain":0,"cards_transformed":["Limit Break"],"player_choice":"Transformed","damage_taken":0,"max_hp_gain":0,"max_hp_loss":0,"event_name":"Transmorgrifier","floor":36,"gold_loss":0,"cards_obtained":["Fire Breathing"]}],"is_beta":false,"boss_relics":[{"not_picked":["Sozu","Runic Cube"],"picked":"Runic Pyramid"},{"not_picked":["Black Star","Black Blood"],"picked":"Fusion Hammer"}],"items_purged_floors":[19,21,37],"is_endless":false,"potions_floor_spawned":[1,5,12,14,18,31,35,41,45,47],"ascension_level":20}