{"gold_per_floor":[111,125,141,23,43,68,68,82,107,136,136,146,221,236,236,307,307,326,326,342,19,33,33,59,69,69,69,99,16,30,64,64,135,135,149,149,149,160,176,211,243,255,267,296,342,370,412,438,450,462,474,486,498,3,36,36],"floor_reached":57,"playtime":4444,"items_purged":[],"score":3336,"play_id":"b25ec042-59a6-4288-b4f9-aab1e404fa78","local_time":"20221116173538","is_ascension_mode":true,"campfire_choices":[{"floor":7,"key":"REST"},{"floor":15,"key":"REST"},{"data":"Dark Embrace","floor":23,"key":"SMITH"},{"data":"Corruption","floor":32,"key":"SMITH"},{"data":"Feel No Pain","floor":42,"key":"SMITH"},{"floor":49,"key":"RECALL"},{"data":"Evolve","floor":53,"key":"SMITH"}],"neow_cost":"NONE","seed_source_timestamp":564049896569900,"circlet_count":0,"master_deck":["AscendersBane","Strike_R","Strike_R","Strike_R","Defend_R","Defend_R","Defend_R","Defend_R+1","Exhume","Battle Trance","Twin Strike","Infernal Blade+1","Feel No Pain+1","Combust","Armaments+1","Offering+1","Pommel Strike","Spot Weakness+1","Dark Embrace+1","Corruption+1","CurseOfTheBell","Sword Boomerang+1","Warcry+1","Shrug It Off+1","Offering+1","Bandage Up+1","Impervious+1","Limit Break+1","Sentinel+1","Sentinel+1","Barricade","Exhume+1","Feed","True Grit+1","Evolve+1","Disarm+1","Body Slam","Shrug It Off+1","Burning Pact+1"],"special_seed":0,"relics":["Burning Blood","Toxic Egg 2","War Paint","Dream Catcher","Bag of Preparation","Pantograph","Ginger","Nloth\u0027s Gift","Orrery","Boot","Letter Opener","HornCleat","Bottled Tornado","Empty Cage","MawBank","Regal Pillow","Question Card","ClockworkSouvenir","Bottled Lightning","Mummified Hand"],"potions_floor_usage":[10,10,16,24,24,48,56,56],"damage_taken":[{"damage":2.0,"enemies":"2 Louse","floor":1.0,"turns":3.0},{"damage":12.0,"enemies":"Small Slimes","floor":2.0,"turns":5.0},{"damage":7.0,"enemies":"Cultist","floor":3.0,"turns":4.0},{"damage":17,"enemies":"Exordium Thugs","floor":5,"turns":5},{"damage":37,"enemies":"3 Sentries","floor":6,"turns":7},{"damage":6,"enemies":"Looter","floor":8,"turns":4},{"damage":16,"enemies":"Lagavulin","floor":10,"turns":6},{"damage":2,"enemies":"Lots of Slimes","floor":12,"turns":5},{"damage":6,"enemies":"3 Louse","floor":14,"turns":3},{"damage":48,"enemies":"The Guardian","floor":16,"turns":10},{"damage":11,"enemies":"2 Thieves","floor":18,"turns":3},{"damage":18,"enemies":"3 Byrds","floor":20,"turns":4},{"damage":18,"enemies":"Centurion and Healer","floor":22,"turns":4},{"damage":42,"enemies":"Gremlin Leader","floor":24,"turns":6},{"damage":12,"enemies":"Snake Plant","floor":25,"turns":2},{"damage":12,"enemies":"Book of Stabbing","floor":28,"turns":4},{"damage":3,"enemies":"Shelled Parasite and Fungi","floor":30,"turns":2},{"damage":14,"enemies":"Gremlin Leader","floor":31,"turns":3},{"damage":12,"enemies":"Automaton","floor":33,"turns":9},{"damage":30,"enemies":"Orb Walker","floor":35,"turns":4},{"damage":12,"enemies":"3 Shapes","floor":38,"turns":3},{"damage":12,"enemies":"Writhing Mass","floor":39,"turns":4},{"damage":28,"enemies":"Nemesis","floor":40,"turns":5},{"damage":8,"enemies":"Jaw Worm Horde","floor":41,"turns":3},{"damage":6,"enemies":"Sphere and 2 Shapes","floor":44,"turns":1},{"damage":12,"enemies":"Reptomancer","floor":45,"turns":4},{"damage":6,"enemies":"Writhing Mass","floor":46,"turns":6},{"damage":12,"enemies":"Nemesis","floor":47,"turns":3},{"damage":12,"enemies":"Maw","floor":48,"turns":3},{"damage":38,"enemies":"Time Eater","floor":50,"turns":9},{"damage":26,"enemies":"Awakened One","floor":51,"turns":6},{"damage":18,"enemies":"Shield and Spear","floor":55,"turns":3},{"damage":29,"enemies":"The Heart","floor":56,"turns":7}],"seed_played":"1836271780652389987","potions_obtained":[{"floor":1.0,"key":"Weak Potion"},{"floor":6,"key":"LiquidMemories"},{"floor":12,"key":"FearPotion"},{"floor":20,"key":"HeartOfIron"},{"floor":30,"key":"FearPotion"},{"floor":38,"key":"LiquidMemories"},{"floor":48,"key":"Fire Potion"},{"floor":55,"key":"PowerPotion"}],"is_trial":false,"path_per_floor":["M","M","M","$","M","E","R","M","T","E","?","M","?","M","R","B",null,"M","?","M","$","M","R","E","M","T","?","E","$","M","E","R","B",null,"M","?","?","M","M","E","M","R","T","M","E","M","E","M","R","B","B",null,"R","$","E","B",null],"character_chosen":"IRONCLAD","items_purchased":["Infernal Blade","Feel No Pain","Orrery","Bandage Up+1","BloodPotion","Sentinel+1","Shrug It Off+1","ClockworkSouvenir","Bottled Lightning"],"campfire_rested":2,"item_purchase_floors":[4,4,21,21,21,29,54,54,54],"current_hp_per_floor":[72,66,65,65,54,23,45,45,45,35,35,39,28,28,50,8,58,53,53,41,41,35,35,20,20,20,20,20,20,23,21,21,46,68,56,56,45,54,70,58,74,74,74,84,100,103,107,104,104,84,95,106,106,106,106,102],"gold":36,"neow_bonus":"ONE_RANDOM_RARE_CARD","is_prod":false,"is_daily":false,"chose_seed":false,"campfire_upgraded":4,"win_rate":0,"timestamp":1668638138,"path_taken":["M","M","M","$","M","E","R","M","T","E","?","M","?","M","R","BOSS","M","?","M","?","?","R","E","M","T","?","E","?","M","E","R","BOSS","M","?","?","M","M","E","M","R","T","M","E","M","E","M","R","BOSS","BOSS","R","$","E","BOSS"],"build_version":"2022-10-04","purchased_purges":0,"victory":true,"max_hp_per_floor":[75,75,75,75,75,75,75,75,75,75,75,75,75,75,75,75,75,75,75,75,75,75,75,75,75,75,75,75,75,75,75,75,75,75,75,75,75,78,82,86,92,92,92,96,100,103,107,110,110,110,110,110,110,110,116,119],"relic_stats":{"Regal Pillow":0,"counters":[33,150],"Bag of Preparation":[46],"Ginger":[14],"Letter Opener":[560],"War Paint":["Defend_R","Infernal Blade"],"Bottled Tornado":"Corruption","Boot":[136],"MawBank":168,"Question Card":2,"Burning Blood":186,"Dream Catcher":1,"Mummified Hand":[7],"Pantograph":66,"Nloth\u0027s Gift":6,"Bottled Lightning":"Offering","obtain_stats":[{"Regal Pillow":45,"Bag of Preparation":17,"Ginger":17,"Letter Opener":26,"War Paint":9,"Bottled Tornado":31,"Boot":24,"Empty Cage":34,"MawBank":40,"Question Card":47,"Burning Blood":0,"ClockworkSouvenir":54,"Calling Bell":17,"Dream Catcher":10,"HornCleat":28,"Mummified Hand":55,"Pantograph":17,"Orrery":21,"Nloth\u0027s Gift":19,"Bottled Lightning":54,"Toxic Egg 2":6},{"Regal Pillow":26,"Bag of Preparation":10,"Ginger":10,"Letter Opener":15,"War Paint":6,"Bottled Tornado":18,"Boot":14,"Empty Cage":19,"MawBank":23,"Question Card":28,"Burning Blood":0,"ClockworkSouvenir":31,"Calling Bell":10,"Dream Catcher":7,"HornCleat":16,"Mummified Hand":32,"Pantograph":10,"Orrery":12,"Nloth\u0027s Gift":11,"Bottled Lightning":31,"Toxic Egg 2":5},{"Regal Pillow":113,"Bag of Preparation":52,"Ginger":52,"Letter Opener":71,"War Paint":28,"Bottled Tornado":80,"Boot":69,"Empty Cage":89,"MawBank":105,"Question Card":122,"Burning Blood":0,"ClockworkSouvenir":140,"Calling Bell":52,"Dream Catcher":34,"HornCleat":75,"Mummified Hand":143,"Pantograph":52,"Orrery":59,"Nloth\u0027s Gift":55,"Bottled Lightning":140,"Toxic Egg 2":24}]},"card_choices":[{"not_picked":["Burning Pact","Warcry"],"picked":"Battle Trance","floor":1.0},{"not_picked":["Shrug It Off","Clash"],"picked":"Twin Strike","floor":2.0},{"not_picked":["Sword Boomerang","Thunderclap","Armaments"],"picked":"SKIP","floor":3.0},{"not_picked":["Sword Boomerang","Thunderclap","Armaments"],"picked":"SKIP","floor":3.0},{"not_picked":["Heavy Blade","Dark Embrace"],"picked":"Combust","floor":5},{"not_picked":["Rupture","Havoc+1"],"picked":"Armaments+1","floor":6},{"not_picked":["Perfected Strike","Clash"],"picked":"Offering+1","floor":8},{"not_picked":["Clothesline","Heavy Blade"],"picked":"Pommel Strike","floor":10},{"not_picked":["Pommel Strike","Wild Strike"],"picked":"Spot Weakness+1","floor":12},{"not_picked":["Cleave","Sever Soul","Perfected Strike"],"picked":"SKIP","floor":14},{"not_picked":["Whirlwind","Anger"],"picked":"Dark Embrace","floor":15},{"not_picked":["Exhume+1","Double Tap+1"],"picked":"Corruption","floor":16},{"not_picked":["Armaments+1","Flex+1"],"picked":"Sword Boomerang+1","floor":18},{"not_picked":["Exhume+1","Perfected Strike"],"picked":"Warcry+1","floor":20},{"not_picked":["Iron Wave","Battle Trance+1"],"picked":"Shrug It Off+1","floor":21},{"not_picked":["Heavy Blade","Dropkick"],"picked":"Offering+1","floor":21},{"not_picked":["Heavy Blade","Brutality","Whirlwind"],"picked":"SKIP","floor":22},{"not_picked":["Bloodletting+1","Pummel+1"],"picked":"Impervious+1","floor":24},{"not_picked":["Fire Breathing","Battle Trance+1","Heavy Blade"],"picked":"SKIP","floor":25},{"not_picked":["Combust","Heavy Blade"],"picked":"Limit Break+1","floor":28},{"not_picked":["True Grit+1","Shrug It Off+1"],"picked":"Sentinel+1","floor":30},{"not_picked":["Combust","Warcry+1"],"picked":"Barricade","floor":31},{"not_picked":["Fiend Fire","Berserk"],"picked":"Exhume+1","floor":33},{"not_picked":["Ghostly Armor+1","Power Through+1"],"picked":"Feed","floor":35},{"not_picked":["Searing Blow+1","Pommel Strike"],"picked":"True Grit+1","floor":38},{"not_picked":["Rupture+1","Reckless Charge","Cleave"],"picked":"SKIP","floor":39},{"not_picked":["Power Through+1","Limit Break+1","Whirlwind"],"picked":"SKIP","floor":40},{"not_picked":["Reckless Charge","Twin Strike","Havoc+1"],"picked":"SKIP","floor":41},{"not_picked":["Clash","Thunderclap"],"picked":"Evolve","floor":44},{"not_picked":["Sword Boomerang","Limit Break+1"],"picked":"Disarm+1","floor":45},{"not_picked":["Pommel Strike","Blood for Blood+1","Carnage+1"],"picked":"SKIP","floor":46},{"not_picked":["Battle Trance+1","Sword Boomerang","Reckless Charge"],"picked":"SKIP","floor":47},{"not_picked":["Twin Strike","Clothesline","Power Through+1"],"picked":"Body Slam","floor":48},{"not_picked":["Barricade","Dual Wield+1","Immolate"],"picked":"Burning Pact+1","floor":55}],"player_experience":1220126,"relics_obtained":[{"floor":6,"key":"Toxic Egg 2"},{"floor":9,"key":"War Paint"},{"floor":10,"key":"Dream Catcher"},{"floor":17,"key":"Bag of Preparation"},{"floor":17,"key":"Pantograph"},{"floor":17,"key":"Ginger"},{"floor":24,"key":"Boot"},{"floor":26,"key":"Letter Opener"},{"floor":28,"key":"HornCleat"},{"floor":31,"key":"Bottled Tornado"},{"floor":40,"key":"MawBank"},{"floor":45,"key":"Regal Pillow"},{"floor":47,"key":"Question Card"},{"floor":55,"key":"Mummified Hand"}],"event_choices":[{"damage_healed":0,"gold_gain":0,"player_choice":"Ignored","damage_taken":0,"max_hp_gain":0,"max_hp_loss":0,"event_name":"Liars Game","floor":11,"gold_loss":0},{"damage_healed":0,"gold_gain":75,"player_choice":"Gather Gold","damage_taken":11,"max_hp_gain":0,"max_hp_loss":0,"event_name":"World of Goop","floor":13,"gold_loss":0},{"damage_healed":0,"gold_gain":0,"player_choice":"Traded Relic","damage_taken":0,"relics_obtained":["Nloth\u0027s Gift"],"max_hp_gain":0,"max_hp_loss":0,"event_name":"N\u0027loth","floor":19,"relics_lost":["Calling Bell"],"gold_loss":0},{"damage_healed":0,"gold_gain":0,"player_choice":"Ignored","damage_taken":0,"max_hp_gain":0,"max_hp_loss":0,"event_name":"Ghosts","floor":27,"gold_loss":0},{"cards_removed":["Bash"],"damage_healed":0,"gold_gain":0,"player_choice":"Removed Attack","damage_taken":0,"max_hp_gain":0,"max_hp_loss":0,"event_name":"Falling","floor":36,"gold_loss":0},{"damage_healed":0,"gold_gain":0,"player_choice":"Damaged","damage_taken":11,"max_hp_gain":0,"max_hp_loss":0,"event_name":"Wheel of Change","floor":37,"gold_loss":0}],"is_beta":false,"boss_relics":[{"not_picked":["Black Star","Ectoplasm"],"picked":"Calling Bell"},{"not_picked":["Runic Cube","SlaversCollar"],"picked":"Empty Cage"}],"items_purged_floors":[],"is_endless":false,"potions_floor_spawned":[1,6,12,20,22,30,38,39,44,48,55],"ascension_level":20}