{"gold_per_floor":[116,16,16,36,60,95,95,126,126,126,150,166,166,187,187,282,282,302,282,305,319,68,68,68],"floor_reached":24,"playtime":1377,"items_purged":[],"score":436,"play_id":"6a9e50f5-f3a8-4f24-b9ae-330b0f9088cc","local_time":"20221109095652","is_ascension_mode":true,"campfire_choices":[{"data":"Perfected Strike","floor":7.0,"key":"SMITH"},{"floor":10.0,"key":"REST"},{"floor":15.0,"key":"REST"},{"data":"Immolate","floor":23,"key":"SMITH"}],"neow_cost":"NONE","seed_source_timestamp":0,"circlet_count":0,"master_deck":["AscendersBane","Strike_R","Strike_R","Defend_R","Defend_R","Defend_R","Defend_R","Bash","Corruption","Inflame","Feel No Pain","Thunderclap","Shrug It Off","Spot Weakness","Flame Barrier","Rampage","Immolate+1","Impervious+1","Impervious+1","Heavy Blade+1","Armaments+1","Shockwave+1","Feel No Pain"],"special_seed":0,"relics":["Burning Blood","Golden Idol","HornCleat","Boot","White Beast Statue","Astrolabe","Bag of Preparation"],"potions_floor_usage":[24,24],"damage_taken":[{"damage":9.0,"enemies":"Small Slimes","floor":1.0,"turns":5.0},{"damage":2.0,"enemies":"Jaw Worm","floor":4.0,"turns":4.0},{"damage":6.0,"enemies":"Cultist","floor":5.0,"turns":5.0},{"damage":47.0,"enemies":"Lagavulin","floor":6.0,"turns":7.0},{"damage":10.0,"enemies":"3 Sentries","floor":8.0,"turns":11.0},{"damage":6.0,"enemies":"Looter","floor":11.0,"turns":4.0},{"damage":0.0,"enemies":"3 Louse","floor":12.0,"turns":1.0},{"damage":24.0,"enemies":"Gremlin Nob","floor":13.0,"turns":4.0},{"damage":26.0,"enemies":"Red Slaver","floor":14.0,"turns":6.0},{"damage":19.0,"enemies":"The Guardian","floor":16.0,"turns":13.0},{"damage":9.0,"enemies":"Shell Parasite","floor":18.0,"turns":6.0},{"damage":5.0,"enemies":"3 Byrds","floor":20.0,"turns":7.0},{"damage":13.0,"enemies":"Centurion and Healer","floor":21.0,"turns":10.0},{"damage":52,"enemies":"Gremlin Leader","floor":24,"turns":5}],"seed_played":"1960074070607491467","potions_obtained":[{"floor":1.0,"key":"SmokeBomb"},{"floor":5.0,"key":"LiquidBronze"},{"floor":6.0,"key":"EssenceOfSteel"},{"floor":11.0,"key":"Explosive Potion"},{"floor":12.0,"key":"SmokeBomb"},{"floor":14.0,"key":"Weak Potion"},{"floor":16.0,"key":"ColorlessPotion"},{"floor":18.0,"key":"Swift Potion"},{"floor":20.0,"key":"Block Potion"},{"floor":21.0,"key":"GamblersBrew"}],"is_trial":false,"path_per_floor":["M","$","?","M","M","E","R","E","T","R","M","M","E","M","R","B",null,"M","?","M","M","$","R","E"],"character_chosen":"IRONCLAD","items_purchased":["Feel No Pain","Fire Potion","Bag of Preparation","Feel No Pain"],"campfire_rested":2,"item_purchase_floors":[2,2,22,22],"current_hp_per_floor":[65,65,65,68,68,27,27,23,23,43,43,49,31,11,31,18,56,53,53,54,47,47,47,0],"gold":68,"neow_bonus":"TRANSFORM_CARD","is_prod":false,"is_daily":false,"chose_seed":false,"campfire_upgraded":2,"win_rate":0,"timestamp":1668005812,"path_taken":["M","$","?","M","M","E","R","E","T","R","M","M","E","M","R","BOSS","M","?","M","M","$","R","E"],"build_version":"2022-10-04","purchased_purges":0,"victory":false,"max_hp_per_floor":[75,75,68,68,68,68,68,68,68,68,68,68,68,68,68,68,68,68,68,68,68,68,68,68],"relic_stats":{"counters":[14,88],"Golden Idol":72,"Astrolabe":["Impervious","Impervious","Heavy Blade"],"Bag of Preparation":[2],"Boot":[18],"obtain_stats":[{"HornCleat":6,"Golden Idol":3,"Astrolabe":17,"Bag of Preparation":22,"Boot":8,"Burning Blood":0,"White Beast Statue":9},{"HornCleat":4,"Golden Idol":1,"Astrolabe":10,"Bag of Preparation":13,"Boot":5,"Burning Blood":0,"White Beast Statue":5},{"HornCleat":21,"Golden Idol":5,"Astrolabe":60,"Bag of Preparation":83,"Boot":32,"Burning Blood":0,"White Beast Statue":32}],"Burning Blood":77,"White Beast Statue":[0.0,0.024000000000000007,0.0,0.32800000000000007,0.0,0.5280000000000001,0.0,0.12000000000000002,0.0,0.0,0.0,3.08368]},"card_choices":[{"not_picked":["Sword Boomerang","Battle Trance"],"picked":"Inflame","floor":1.0},{"not_picked":["Bloodletting","Body Slam"],"picked":"Perfected Strike","floor":4.0},{"not_picked":["Spot Weakness","Perfected Strike"],"picked":"Thunderclap","floor":5.0},{"not_picked":["Rupture","Warcry"],"picked":"Shrug It Off","floor":6.0},{"not_picked":["Warcry","Thunderclap"],"picked":"Spot Weakness","floor":8.0},{"not_picked":["Ghostly Armor","Havoc"],"picked":"Flame Barrier","floor":11.0},{"not_picked":["Berserk","Shrug It Off","True Grit"],"picked":"SKIP","floor":12.0},{"not_picked":["Searing Blow","Cleave"],"picked":"Rampage","floor":14.0},{"not_picked":["Demon Form","Limit Break"],"picked":"Immolate","floor":16.0},{"not_picked":["Intimidate","Havoc"],"picked":"Armaments+1","floor":18.0},{"not_picked":["Anger+1","Twin Strike"],"picked":"Shockwave+1","floor":20.0},{"not_picked":["Thunderclap","Warcry","Headbutt"],"picked":"SKIP","floor":21.0}],"player_experience":1212559,"relics_obtained":[{"floor":6.0,"key":"HornCleat"},{"floor":8.0,"key":"Boot"},{"floor":9.0,"key":"White Beast Statue"}],"event_choices":[{"damage_healed":0.0,"max_hp_gain":0.0,"max_hp_loss":7.0,"gold_gain":0.0,"event_name":"Golden Idol","player_choice":"Lose Max HP","floor":3.0,"gold_loss":0.0,"damage_taken":0.0,"relics_obtained":["Golden Idol"]},{"damage_healed":0.0,"max_hp_gain":0.0,"max_hp_loss":0.0,"gold_gain":0.0,"event_name":"The Woman in Blue","player_choice":"Bought 1 Potion","floor":19.0,"gold_loss":0.0,"damage_taken":0.0}],"is_beta":false,"boss_relics":[{"not_picked":["Empty Cage","Coffee Dripper"],"picked":"Astrolabe"}],"items_purged_floors":[],"is_endless":false,"potions_floor_spawned":[1,5,6,11,12,13,14,16,18,20,21],"killed_by":"Gremlin Leader","ascension_level":20}