{"gold_per_floor":[219,231,33,59,118,151,131,131,131,142,142,167,177,194,194,272,272,289,308,308,358,30,64,75,75,75,101,112,146,163,198,198,275,275,291,81,91,91,141,141,169,169,193,193,223,233,233,22,22,22,22],"floor_reached":51,"playtime":3527,"items_purged":["Writhe","Body Slam"],"score":1636,"play_id":"fbc95a58-f8de-46b5-9e05-4be02270bd60","local_time":"20221124135808","is_ascension_mode":true,"campfire_choices":[{"data":"Carnage","floor":8.0,"key":"SMITH"},{"data":"Hemokinesis","floor":11.0,"key":"SMITH"},{"data":"Offering","floor":15.0,"key":"SMITH"},{"floor":25.0,"key":"REST"},{"data":"Shockwave","floor":32.0,"key":"SMITH"},{"data":"Feed","floor":40,"key":"SMITH"},{"data":"Feel No Pain","floor":42,"key":"SMITH"},{"data":"Demon Form","floor":44,"key":"SMITH"},{"floor":47,"key":"RECALL"},{"data":"Evolve","floor":49,"key":"SMITH"}],"neow_cost":"NONE","seed_source_timestamp":1242992948724400,"circlet_count":0,"master_deck":["AscendersBane","Bash+1","Shrug It Off","Offering+1","Carnage+1","Hemokinesis+1","Feel No Pain+1","Demon Form+1","Warcry+1","Spot Weakness","Feed+1","Combust","Sword Boomerang","Clash","Armaments","Pummel","Bloodletting+1","Whirlwind","Sword Boomerang","Intimidate","Shockwave+1","True Grit","Impervious","Immolate","Shrug It Off","Enlightenment","Dramatic Entrance","Evolve+1","Headbutt"],"special_seed":0,"relics":["Burning Blood","Toolbox","Lantern","Matryoshka","Kunai","Whetstone","Ancient Tea Set","Pandora\u0027s Box","Ginger","Blood Vial","Orichalcum","Bottled Lightning","Letter Opener","War Paint","Centennial Puzzle","Dream Catcher","Coffee Dripper","Juzu Bracelet","Oddly Smooth Stone","OrangePellets"],"potions_floor_usage":[41,45,50,50],"damage_taken":[{"damage":7.0,"enemies":"Cultist","floor":1.0,"turns":4.0},{"damage":2.0,"enemies":"Jaw Worm","floor":2.0,"turns":4.0},{"damage":4.0,"enemies":"2 Louse","floor":5.0,"turns":4.0},{"damage":17.0,"enemies":"Gremlin Nob","floor":6.0,"turns":3.0},{"damage":0.0,"enemies":"Exordium Wildlife","floor":10.0,"turns":2.0},{"damage":15.0,"enemies":"3 Sentries","floor":12.0,"turns":3.0},{"damage":0.0,"enemies":"Blue Slaver","floor":13.0,"turns":1.0},{"damage":0.0,"enemies":"3 Louse","floor":14.0,"turns":4.0},{"damage":53.0,"enemies":"Hexaghost","floor":16.0,"turns":9.0},{"damage":31.0,"enemies":"2 Thieves","floor":18.0,"turns":3.0},{"damage":8.0,"enemies":"Shell Parasite","floor":19.0,"turns":3.0},{"damage":11.0,"enemies":"Gremlin Leader","floor":23.0,"turns":4.0},{"damage":45.0,"enemies":"Snake Plant","floor":24.0,"turns":6.0},{"damage":10.0,"enemies":"Slavers","floor":27.0,"turns":3.0},{"damage":6.0,"enemies":"Chosen and Byrds","floor":28.0,"turns":5.0},{"damage":13.0,"enemies":"Gremlin Leader","floor":29.0,"turns":6.0},{"damage":6.0,"enemies":"Centurion and Healer","floor":30.0,"turns":4.0},{"damage":18.0,"enemies":"Book of Stabbing","floor":31.0,"turns":3.0},{"damage":20.0,"enemies":"Collector","floor":33.0,"turns":5.0},{"damage":19.0,"enemies":"Orb Walker","floor":35.0,"turns":3.0},{"damage":16,"enemies":"3 Darklings","floor":37,"turns":5},{"damage":9,"enemies":"Nemesis","floor":41,"turns":5},{"damage":36,"enemies":"Giant Head","floor":45,"turns":6},{"damage":6,"enemies":"4 Shapes","floor":46,"turns":2},{"damage":69,"enemies":"Donu and Deca","floor":50,"turns":7},{"damage":26,"enemies":"Time Eater","floor":51,"turns":3}],"seed_played":"-8334914981614720882","potions_obtained":[{"floor":2.0,"key":"SpeedPotion"},{"floor":5.0,"key":"Swift Potion"},{"floor":7.0,"key":"Ancient Potion"},{"floor":12.0,"key":"Swift Potion"},{"floor":13.0,"key":"DistilledChaos"},{"floor":16.0,"key":"ElixirPotion"},{"floor":23.0,"key":"DuplicationPotion"},{"floor":33.0,"key":"ColorlessPotion"},{"floor":41,"key":"LiquidMemories"},{"floor":45,"key":"Weak Potion"}],"is_trial":false,"path_per_floor":["M","M","$","T","M","E","?","R","T","M","R","E","M","M","R","B",null,"M","M","?","?","$","E","M","R","T","E","M","E","M","E","R","B",null,"M","$","M","?","?","R","E","R","T","R","E","M","R","$","R","B","B"],"character_chosen":"IRONCLAD","items_purchased":["Toolbox","Carnage","Blood Vial","Regen Potion","Shrug It Off","BloodPotion","OrangePellets","BloodPotion"],"campfire_rested":1,"item_purchase_floors":[3,3,22,22,36,36,48,48],"current_hp_per_floor":[67,71,71,71,73,62,62,62,62,68,68,59,65,71,71,24,62,37,39,39,39,39,48,15,39,39,41,46,45,51,41,41,32,84,76,76,68,58,58,58,57,57,57,57,54,60,60,60,60,21,0],"gold":22,"neow_bonus":"HUNDRED_GOLD","is_prod":false,"is_daily":false,"chose_seed":false,"campfire_upgraded":8,"win_rate":0,"timestamp":1669316288,"path_taken":["M","M","$","?","M","E","?","R","T","M","R","E","M","M","R","BOSS","M","?","?","?","$","E","M","R","T","E","M","E","?","E","R","BOSS","M","$","M","?","?","R","E","R","T","R","E","M","R","$","R","BOSS","BOSS"],"build_version":"2022-10-04","purchased_purges":2,"victory":false,"max_hp_per_floor":[75,75,75,75,75,75,75,75,75,75,75,75,75,75,75,75,75,75,79,79,79,79,79,83,83,83,87,90,94,98,98,98,101,101,104,104,104,104,104,104,104,104,104,104,108,112,112,112,112,112,112],"relic_stats":{"counters":[26,107],"Juzu Bracelet":0,"Whetstone":["Bash","Strike_R"],"Ginger":[16],"Letter Opener":[221],"Orichalcum":[30],"War Paint":["Bloodletting","Warcry"],"Ancient Tea Set":[12],"Burning Blood":150,"Blood Vial":30,"OrangePellets":[0],"Centennial Puzzle":[30],"Dream Catcher":0,"Matryoshka":2,"Pandora\u0027s Box":["Combust","Sword Boomerang","Clash","Armaments","Pummel","Bloodletting","Whirlwind","Body Slam","Sword Boomerang"],"Kunai":[16],"Bottled Lightning":"Offering","obtain_stats":[{"Lantern":4,"Oddly Smooth Stone":45,"Juzu Bracelet":41,"Whetstone":9,"Ginger":20,"Letter Opener":26,"Orichalcum":23,"War Paint":27,"Ancient Tea Set":12,"Burning Blood":0,"Blood Vial":22,"OrangePellets":48,"Centennial Puzzle":29,"Dream Catcher":31,"Matryoshka":6,"Toolbox":3,"Pandora\u0027s Box":17,"Coffee Dripper":34,"Kunai":9,"Bottled Lightning":26},{"Lantern":2,"Oddly Smooth Stone":23,"Juzu Bracelet":22,"Whetstone":4,"Ginger":11,"Letter Opener":13,"Orichalcum":12,"War Paint":14,"Ancient Tea Set":6,"Burning Blood":0,"Blood Vial":11,"OrangePellets":24,"Centennial Puzzle":16,"Dream Catcher":18,"Matryoshka":4,"Toolbox":2,"Pandora\u0027s Box":9,"Coffee Dripper":19,"Kunai":4,"Bottled Lightning":13},{"Lantern":8,"Oddly Smooth Stone":95,"Juzu Bracelet":89,"Whetstone":15,"Ginger":40,"Letter Opener":50,"Orichalcum":44,"War Paint":53,"Ancient Tea Set":20,"Burning Blood":0,"Blood Vial":40,"OrangePellets":97,"Centennial Puzzle":64,"Dream Catcher":71,"Matryoshka":15,"Toolbox":8,"Pandora\u0027s Box":34,"Coffee Dripper":76,"Kunai":15,"Bottled Lightning":50}]},"card_choices":[{"not_picked":["Sword Boomerang","Warcry"],"picked":"Shrug It Off","floor":1.0},{"not_picked":["Iron Wave","Whirlwind"],"picked":"Offering","floor":2.0},{"not_picked":["Heavy Blade","Clash","Cleave"],"picked":"SKIP","floor":5.0},{"not_picked":["True Grit","Body Slam"],"picked":"Hemokinesis","floor":6.0},{"not_picked":["Havoc","Wild Strike"],"picked":"Feel No Pain","floor":10.0},{"not_picked":["Anger","Heavy Blade"],"picked":"Demon Form","floor":12.0},{"not_picked":["Dark Embrace","Sword Boomerang"],"picked":"Warcry","floor":13.0},{"not_picked":["Rampage","Searing Blow"],"picked":"Spot Weakness","floor":14.0},{"not_picked":["Offering","Corruption"],"picked":"Feed","floor":16.0},{"not_picked":["Iron Wave","Dropkick","Perfected Strike"],"picked":"SKIP","floor":18.0},{"not_picked":["Pommel Strike","Pummel"],"picked":"Intimidate","floor":19.0},{"not_picked":["Cleave","Iron Wave"],"picked":"Shockwave","floor":23.0},{"not_picked":["Spot Weakness","True Grit","Wild Strike"],"picked":"SKIP","floor":24.0},{"not_picked":["Dropkick","Demon Form"],"picked":"True Grit","floor":27.0},{"not_picked":["Fire Breathing","Heavy Blade","Body Slam+1"],"picked":"SKIP","floor":28.0},{"not_picked":["Pummel","Clash","Flex"],"picked":"SKIP","floor":29.0},{"not_picked":["True Grit","Perfected Strike","Pommel Strike"],"picked":"SKIP","floor":30.0},{"not_picked":["Warcry+1","Thunderclap"],"picked":"Impervious","floor":31.0},{"not_picked":["Brutality","Berserk"],"picked":"Immolate","floor":33.0},{"not_picked":["Reckless Charge","Intimidate+1","Body Slam"],"picked":"SKIP","floor":35},{"not_picked":["Body Slam","Clash","Pommel Strike"],"picked":"SKIP","floor":37},{"not_picked":["Magnetism","Trip"],"picked":"Enlightenment","floor":38},{"not_picked":["Panacea","Swift Strike"],"picked":"Dramatic Entrance","floor":38},{"not_picked":["Entrench","Brutality"],"picked":"Evolve","floor":41},{"not_picked":["Wild Strike","Shrug It Off"],"picked":"Headbutt","floor":45},{"not_picked":["Thunderclap","Headbutt","Iron Wave"],"picked":"SKIP","floor":46}],"player_experience":1248267,"relics_obtained":[{"floor":4.0,"key":"Lantern"},{"floor":6.0,"key":"Matryoshka"},{"floor":9.0,"key":"Kunai"},{"floor":9.0,"key":"Whetstone"},{"floor":12.0,"key":"Ancient Tea Set"},{"floor":23.0,"key":"Orichalcum"},{"floor":26.0,"key":"Bottled Lightning"},{"floor":26.0,"key":"Letter Opener"},{"floor":27.0,"key":"War Paint"},{"floor":29.0,"key":"Centennial Puzzle"},{"floor":31.0,"key":"Dream Catcher"},{"floor":41,"key":"Juzu Bracelet"},{"floor":45,"key":"Oddly Smooth Stone"}],"event_choices":[{"damage_healed":0.0,"max_hp_gain":0.0,"max_hp_loss":0.0,"gold_gain":0.0,"event_name":"The Woman in Blue","player_choice":"Bought 1 Potion","floor":7.0,"gold_loss":0.0,"damage_taken":0.0},{"damage_healed":0.0,"max_hp_gain":0.0,"max_hp_loss":0.0,"gold_gain":0.0,"event_name":"The Mausoleum","player_choice":"Opened","floor":20.0,"gold_loss":0.0,"damage_taken":0.0,"relics_obtained":["Ginger"],"cards_obtained":["Writhe"]},{"damage_healed":0.0,"max_hp_gain":0.0,"max_hp_loss":0.0,"gold_gain":50.0,"event_name":"Nest","player_choice":"Stole From Cult","floor":21.0,"gold_loss":0.0,"damage_taken":0.0},{"damage_healed":0,"gold_gain":0,"player_choice":"Memory 3","damage_taken":10,"max_hp_gain":0,"max_hp_loss":0,"event_name":"SensoryStone","floor":38,"gold_loss":0},{"damage_healed":0,"gold_gain":50,"player_choice":"Pray","damage_taken":0,"max_hp_gain":0,"max_hp_loss":0,"event_name":"Golden Shrine","floor":39,"gold_loss":0}],"is_beta":false,"boss_relics":[{"not_picked":["Runic Pyramid","Philosopher\u0027s Stone"],"picked":"Pandora\u0027s Box"},{"not_picked":["Tiny House","SacredBark"],"picked":"Coffee Dripper"}],"items_purged_floors":[22,36],"is_endless":false,"potions_floor_spawned":[2,5,12,13,16,18,23,30,33,41,45,46],"killed_by":"Time Eater","ascension_level":20}