{"gold_per_floor":[111,124,141,156,166,186,186,211,211,238,251,184,214,174,174,252,252,265,180,180,200,217,217,237,271,271,271],"floor_reached":27,"playtime":1130,"items_purged":[],"score":514,"play_id":"b47dd7d6-3bd2-4ca8-96fb-46135cc04602","local_time":"20221220235157","is_ascension_mode":true,"campfire_choices":[{"data":"Hemokinesis","floor":7,"key":"SMITH"},{"floor":15,"key":"REST"},{"floor":23,"key":"REST"}],"neow_cost":"NONE","seed_source_timestamp":172417364832400,"circlet_count":0,"master_deck":["AscendersBane","Strike_R","Strike_R","Strike_R","Strike_R","Strike_R","Defend_R","Defend_R","Defend_R","Defend_R","Bash+1","Flame Barrier","Hemokinesis+1","Anger","Disarm","Shrug It Off","Dark Embrace","Demon Form","Flame Barrier","Pummel","Shrug It Off","Shockwave","Warcry","Burning Pact+1"],"relics":["Burning Blood","Bronze Scales","Letter Opener","StrikeDummy","White Beast Statue","Cursed Key","Self Forming Clay"],"potions_floor_usage":[8,10,10,13,13,16,22,22,25,25,27],"damage_taken":[{"damage":1,"enemies":"Cultist","floor":1,"turns":3},{"damage":4,"enemies":"Small Slimes","floor":2,"turns":3},{"damage":2,"enemies":"Jaw Worm","floor":3,"turns":3},{"damage":9,"enemies":"2 Fungi Beasts","floor":4,"turns":3},{"damage":22,"enemies":"Gremlin Gang","floor":5,"turns":6},{"damage":2,"enemies":"3 Louse","floor":6,"turns":2},{"damage":32,"enemies":"3 Sentries","floor":8,"turns":9},{"damage":16,"enemies":"Gremlin Nob","floor":10,"turns":4},{"damage":7,"enemies":"2 Fungi Beasts","floor":11,"turns":3},{"damage":15,"enemies":"Lagavulin","floor":13,"turns":7},{"damage":0,"enemies":"Looter","floor":14,"turns":4},{"damage":22,"enemies":"The Guardian","floor":16,"turns":10},{"damage":5,"enemies":"3 Byrds","floor":18,"turns":3},{"damage":17,"enemies":"Shell Parasite","floor":21,"turns":5},{"damage":36,"enemies":"Sentry and Sphere","floor":22,"turns":5},{"damage":17,"enemies":"Snake Plant","floor":24,"turns":3},{"damage":27,"enemies":"Book of Stabbing","floor":25,"turns":6},{"damage":31,"enemies":"Slavers","floor":27,"turns":7}],"seed_played":"-8417718130606970204","potions_obtained":[{"floor":3,"key":"LiquidBronze"},{"floor":6,"key":"DistilledChaos"},{"floor":8,"key":"SkillPotion"},{"floor":10,"key":"Weak Potion"},{"floor":11,"key":"ColorlessPotion"},{"floor":14,"key":"Swift Potion"},{"floor":16,"key":"AttackPotion"},{"floor":18,"key":"AttackPotion"},{"floor":21,"key":"BloodPotion"},{"floor":22,"key":"BlessingOfTheForge"},{"floor":24,"key":"LiquidMemories"},{"floor":25,"key":"Block Potion"}],"is_trial":false,"path_per_floor":["M","M","M","M","M","M","R","E","T","E","M","?","E","M","R","B",null,"M","?","?","M","M","R","M","E","T","E"],"character_chosen":"IRONCLAD","items_purchased":[],"campfire_rested":2,"item_purchase_floors":[],"current_hp_per_floor":[73,75,75,72,56,60,60,34,34,24,23,23,14,20,42,26,63,64,64,64,53,38,60,49,28,28,0],"gold":271,"neow_bonus":"UPGRADE_CARD","is_prod":false,"is_daily":false,"chose_seed":false,"campfire_upgraded":1,"win_rate":0,"timestamp":1671598317,"path_taken":["M","M","M","?","M","M","R","E","T","E","M","?","E","M","R","BOSS","M","?","?","M","?","R","M","E","T","E"],"build_version":"2022-12-18","purchased_purges":0,"victory":false,"max_hp_per_floor":[75,75,75,75,75,75,75,75,75,75,75,75,75,75,75,75,75,75,75,75,75,75,75,75,75,75,75],"relic_stats":{"counters":[18,86],"Self Forming Clay":[66],"Bronze Scales":[238],"Letter Opener":[55],"Cursed Key":0,"obtain_stats":[{"Self Forming Clay":19,"Bronze Scales":8,"Letter Opener":9,"StrikeDummy":10,"Cursed Key":17,"Burning Blood":0,"White Beast Statue":13},{"Self Forming Clay":13,"Bronze Scales":7,"Letter Opener":7,"StrikeDummy":8,"Cursed Key":12,"Burning Blood":0,"White Beast Statue":10},{"Self Forming Clay":60,"Bronze Scales":29,"Letter Opener":29,"StrikeDummy":33,"Cursed Key":57,"Burning Blood":0,"White Beast Statue":43}],"Burning Blood":98,"White Beast Statue":[0.0,0.026400000000000007,0.0,0.2934400000000001,0.0,0.5049600000000003,0.0,0.16800000000000007,0.0,0.007200000000000002,0.0,2.9838400000000007]},"card_choices":[{"not_picked":["Clothesline","Cleave"],"picked":"Flame Barrier","floor":1},{"not_picked":["Perfected Strike","Wild Strike"],"picked":"Hemokinesis","floor":2},{"not_picked":["Twin Strike","Rage","Rampage"],"picked":"SKIP","floor":3},{"not_picked":["Sever Soul","Thunderclap","Wild Strike"],"picked":"SKIP","floor":4},{"not_picked":["Havoc","Flame Barrier"],"picked":"Anger","floor":5},{"not_picked":["Battle Trance","True Grit"],"picked":"Disarm","floor":6},{"not_picked":["Intimidate","Rampage"],"picked":"Shrug It Off","floor":8},{"not_picked":["Dropkick","Armaments"],"picked":"Dark Embrace","floor":10},{"not_picked":["Shrug It Off","Clash"],"picked":"Demon Form","floor":11},{"not_picked":["Cleave","Anger"],"picked":"Flame Barrier","floor":13},{"not_picked":["Twin Strike","Whirlwind"],"picked":"Pummel","floor":14},{"not_picked":["Dual Wield","Cleave","Heavy Blade"],"picked":"SKIP","floor":18},{"not_picked":["Havoc","Cleave+1"],"picked":"Shockwave","floor":21},{"not_picked":["Evolve","Perfected Strike"],"picked":"Warcry","floor":22},{"not_picked":["Havoc","Spot Weakness+1"],"picked":"Burning Pact+1","floor":24},{"not_picked":["Hemokinesis","True Grit","Iron Wave"],"picked":"SKIP","floor":25}],"player_experience":1328438,"relics_obtained":[{"floor":8,"key":"Bronze Scales"},{"floor":9,"key":"Letter Opener"},{"floor":10,"key":"StrikeDummy"},{"floor":13,"key":"White Beast Statue"}],"event_choices":[{"damage_healed":0,"gold_gain":0,"player_choice":"Left Gold","damage_taken":0,"max_hp_gain":0,"max_hp_loss":0,"event_name":"World of Goop","floor":12,"gold_loss":67},{"damage_healed":0,"gold_gain":0,"player_choice":"Obtained Relic","damage_taken":0,"relics_obtained":["Self Forming Clay"],"max_hp_gain":0,"max_hp_loss":0,"event_name":"Addict","floor":19,"gold_loss":85},{"damage_healed":0,"gold_gain":0,"player_choice":"Copied","damage_taken":0,"max_hp_gain":0,"max_hp_loss":0,"event_name":"Duplicator","floor":20,"gold_loss":0,"cards_obtained":["Shrug It Off"]}],"is_beta":false,"boss_relics":[{"not_picked":["Black Blood","Runic Cube"],"picked":"Cursed Key"}],"items_purged_floors":[],"is_endless":false,"potions_floor_spawned":[3,6,8,10,11,14,16,18,21,22,24,25],"killed_by":"Slavers","ascension_level":20}