{"gold_per_floor":[112,124,49,49,66,66,97,110,110,135,135,135,171,194,194,283,283,296,296,320,341,14,53,53,53,76,76,86,86,104,137,137,210,210,225,225,240,251,151,151,181,181,207,227,241,253,283,299,299,299,299,299,299,2,31,31],"floor_reached":57,"playtime":3133,"items_purged":["Pain","Anger"],"score":2798,"play_id":"3121cd70-2862-487f-ac89-5dd457007388","local_time":"20221216112403","is_ascension_mode":true,"campfire_choices":[{"data":"Bludgeon","floor":6.0,"key":"SMITH"},{"data":"Shockwave","floor":15.0,"key":"SMITH"},{"data":"Pommel Strike","floor":24.0,"key":"SMITH"},{"data":"Feel No Pain","floor":27.0,"key":"SMITH"},{"data":"Warcry","floor":29.0,"key":"SMITH"},{"data":"Warcry","floor":32.0,"key":"SMITH"},{"data":"Brutality","floor":40.0,"key":"SMITH"},{"data":"True Grit","floor":42.0,"key":"SMITH"},{"floor":49,"key":"RECALL"},{"data":"Disarm","floor":53,"key":"SMITH"}],"neow_cost":"CURSE","seed_source_timestamp":0,"circlet_count":0,"master_deck":["AscendersBane","Strike_R","Strike_R","Strike_R","Strike_R","Defend_R","Defend_R","Defend_R","Defend_R","Bash","Bludgeon+1","Shockwave+1","Flame Barrier+1","Feel No Pain+1","Impervious","Warcry+1","Double Tap","Pommel Strike+1","Warcry+1","Shockwave","Sentinel+1","Shrug It Off","Reaper","Inflame","Corruption","Disarm+1","Brutality+1","Pommel Strike+1","Burning Pact+1","Headbutt+1","True Grit+1","Second Wind","Dark Embrace","Burning Pact+1","Blood for Blood","Demon Form"],"special_seed":0,"relics":["Burning Blood","StrikeDummy","Eternal Feather","Ornamental Fan","Bloody Idol","Ice Cream","Coffee Dripper","Orrery","Pocketwatch","Art of War","CaptainsWheel","Snecko Eye","War Paint","Ancient Tea Set","Happy Flower","Mummified Hand"],"potions_floor_usage":[56,56],"damage_taken":[{"damage":7.0,"enemies":"Cultist","floor":1.0,"turns":3.0},{"damage":1.0,"enemies":"Small Slimes","floor":2.0,"turns":2.0},{"damage":4.0,"enemies":"Jaw Worm","floor":5.0,"turns":3.0},{"damage":20.0,"enemies":"Lagavulin","floor":7.0,"turns":5.0},{"damage":10.0,"enemies":"Large Slime","floor":8.0,"turns":4.0},{"damage":6.0,"enemies":"Gremlin Nob","floor":10.0,"turns":3.0},{"damage":11.0,"enemies":"3 Sentries","floor":13.0,"turns":5.0},{"damage":8.0,"enemies":"Lots of Slimes","floor":14.0,"turns":6.0},{"damage":38.0,"enemies":"The Guardian","floor":16.0,"turns":11.0},{"damage":5.0,"enemies":"Spheric Guardian","floor":18.0,"turns":5.0},{"damage":0.0,"enemies":"Chosen","floor":20.0,"turns":2.0},{"damage":21.0,"enemies":"Centurion and Healer","floor":21.0,"turns":5.0},{"damage":5.0,"enemies":"Book of Stabbing","floor":23.0,"turns":5.0},{"damage":9.0,"enemies":"Snecko","floor":28.0,"turns":5.0},{"damage":9.0,"enemies":"Snake Plant","floor":30.0,"turns":5.0},{"damage":11.0,"enemies":"Slavers","floor":31.0,"turns":6.0},{"damage":55.0,"enemies":"Collector","floor":33.0,"turns":10.0},{"damage":3.0,"enemies":"Orb Walker","floor":35.0,"turns":3.0},{"damage":19.0,"enemies":"3 Shapes","floor":37.0,"turns":5.0},{"damage":9.0,"enemies":"Jaw Worm Horde","floor":38.0,"turns":5.0},{"damage":7.0,"enemies":"Reptomancer","floor":41.0,"turns":4.0},{"damage":5.0,"enemies":"Transient","floor":44.0,"turns":6.0},{"damage":3,"enemies":"Maw","floor":45,"turns":4},{"damage":10,"enemies":"Sphere and 2 Shapes","floor":46,"turns":5},{"damage":3,"enemies":"Giant Head","floor":47,"turns":4},{"damage":7,"enemies":"Writhing Mass","floor":48,"turns":4},{"damage":11,"enemies":"Donu and Deca","floor":50,"turns":6},{"damage":14,"enemies":"Time Eater","floor":51,"turns":7},{"damage":45,"enemies":"Shield and Spear","floor":55,"turns":6},{"damage":61,"enemies":"The Heart","floor":56,"turns":8}],"seed_played":"-1887210292134673229","potions_obtained":[{"floor":1.0,"key":"SpeedPotion"},{"floor":10.0,"key":"Dexterity Potion"},{"floor":14.0,"key":"SkillPotion"},{"floor":19.0,"key":"Explosive Potion"},{"floor":19.0,"key":"HeartOfIron"},{"floor":23.0,"key":"Strength Potion"},{"floor":31.0,"key":"Energy Potion"},{"floor":38.0,"key":"Explosive Potion"},{"floor":45,"key":"Strength Potion"},{"floor":47,"key":"SmokeBomb"},{"floor":55,"key":"Ancient Potion"}],"is_trial":false,"path_per_floor":["M","M","$","?","M","R","E","M","T","E","?","?","E","M","R","B",null,"M","?","M","M","$","E","R","?","T","R","M","R","M","E","R","B",null,"M","?","M","M","$","R","E","R","T","M","M","M","E","M","R","B","B",null,"R","$","E","B",null],"character_chosen":"IRONCLAD","items_purchased":["Orrery","Corruption","Happy Flower","Blood for Blood","Strength Potion"],"campfire_rested":0,"item_purchase_floors":[22,22,54,54,54],"current_hp_per_floor":[67,72,72,72,74,74,60,56,56,56,61,61,56,54,63,31,62,63,63,69,54,54,55,70,70,72,72,72,72,72,72,72,40,64,72,72,72,72,72,72,72,72,72,72,72,72,72,72,72,72,64,70,72,72,66,38],"gold":31,"neow_bonus":"THREE_RARE_CARDS","is_prod":false,"is_daily":false,"chose_seed":false,"campfire_upgraded":9,"win_rate":0,"timestamp":1671207843,"path_taken":["M","M","$","?","M","R","E","M","T","E","?","?","E","?","R","BOSS","M","?","?","M","$","E","R","?","T","R","M","R","M","E","R","BOSS","M","?","M","?","?","R","E","R","T","M","M","M","E","M","R","BOSS","BOSS","R","$","E","BOSS"],"build_version":"2022-12-01","purchased_purges":2,"victory":true,"max_hp_per_floor":[75,75,75,75,75,75,75,75,75,75,80,72,72,72,72,72,72,72,72,72,72,72,72,72,72,72,72,72,72,72,72,72,72,72,72,72,72,72,72,72,72,72,72,72,72,72,72,72,72,72,72,72,72,72,72,72],"relic_stats":{"Ice Cream":[235],"Happy Flower":[4],"counters":[30,152],"Eternal Feather":26,"War Paint":["Flame Barrier","Burning Pact"],"Ancient Tea Set":[4],"Burning Blood":143,"Ornamental Fan":[176],"Mummified Hand":[10],"Bloody Idol":17,"Snecko Eye":[125,144,129,143,-103],"Art of War":[13],"obtain_stats":[{"Ice Cream":13,"Happy Flower":54,"Golden Idol":12,"Eternal Feather":9,"War Paint":41,"Ancient Tea Set":47,"Burning Blood":0,"CaptainsWheel":31,"Ornamental Fan":10,"Mummified Hand":55,"Bloody Idol":25,"Orrery":22,"Snecko Eye":34,"Coffee Dripper":17,"Art of War":26,"StrikeDummy":7,"Pocketwatch":23},{"Ice Cream":7,"Happy Flower":28,"Golden Idol":6,"Eternal Feather":5,"War Paint":21,"Ancient Tea Set":25,"Burning Blood":0,"CaptainsWheel":16,"Ornamental Fan":6,"Mummified Hand":29,"Bloody Idol":13,"Orrery":12,"Snecko Eye":17,"Coffee Dripper":9,"Art of War":13,"StrikeDummy":4,"Pocketwatch":13},{"Ice Cream":25,"Happy Flower":138,"Golden Idol":20,"Eternal Feather":17,"War Paint":102,"Ancient Tea Set":121,"Burning Blood":0,"CaptainsWheel":75,"Ornamental Fan":20,"Mummified Hand":144,"Bloody Idol":59,"Orrery":54,"Snecko Eye":85,"Coffee Dripper":42,"Art of War":59,"StrikeDummy":13,"Pocketwatch":59}],"Pocketwatch":[61]},"card_choices":[{"not_picked":["Juggernaut","Double Tap"],"picked":"Bludgeon","floor":0.0},{"not_picked":["Rampage","Armaments"],"picked":"Anger","floor":1.0},{"not_picked":["Armaments","Power Through"],"picked":"Shockwave","floor":2.0},{"not_picked":["Heavy Blade","Fire Breathing"],"picked":"Flame Barrier","floor":5.0},{"not_picked":["Headbutt","Ghostly Armor"],"picked":"Feel No Pain","floor":7.0},{"not_picked":["Iron Wave","Inflame","Perfected Strike"],"picked":"SKIP","floor":8.0},{"not_picked":["Fire Breathing","Rupture"],"picked":"Impervious","floor":10.0},{"not_picked":["True Grit","Cleave","Feel No Pain"],"picked":"SKIP","floor":13.0},{"not_picked":["Twin Strike","Headbutt"],"picked":"Warcry","floor":14.0},{"not_picked":["Impervious","Fiend Fire"],"picked":"Double Tap","floor":16.0},{"not_picked":["Perfected Strike","Twin Strike","Pummel"],"picked":"SKIP","floor":18.0},{"not_picked":["Body Slam+1","Anger"],"picked":"Pommel Strike","floor":20.0},{"not_picked":["Heavy Blade","Perfected Strike"],"picked":"Warcry","floor":21.0},{"not_picked":["Pummel","Thunderclap"],"picked":"Shockwave","floor":22.0},{"not_picked":["Hemokinesis","Clash"],"picked":"Sentinel+1","floor":22.0},{"not_picked":["Anger","Headbutt"],"picked":"Shrug It Off","floor":22.0},{"not_picked":["Rage","Anger"],"picked":"Reaper","floor":22.0},{"not_picked":["Fiend Fire","Perfected Strike"],"picked":"Inflame","floor":22.0},{"not_picked":["Armaments","Carnage","Pommel Strike"],"picked":"SKIP","floor":23.0},{"not_picked":["Twin Strike","Havoc"],"picked":"Disarm","floor":28.0},{"not_picked":["Sword Boomerang","Combust","Armaments"],"picked":"SKIP","floor":30.0},{"not_picked":["Perfected Strike","Fire Breathing","Havoc+1"],"picked":"SKIP","floor":31.0},{"not_picked":["Limit Break","Corruption"],"picked":"Brutality","floor":33.0},{"not_picked":["Clash","Body Slam"],"picked":"Pommel Strike+1","floor":35.0},{"not_picked":["Warcry","Clothesline"],"picked":"Burning Pact","floor":37.0},{"not_picked":["Twin Strike","Uppercut"],"picked":"Headbutt+1","floor":38.0},{"not_picked":["Bloodletting","Cleave+1"],"picked":"True Grit","floor":41.0},{"not_picked":["Shockwave+1","Sword Boomerang+1","Flex+1"],"picked":"SKIP","floor":44.0},{"not_picked":["True Grit","Body Slam"],"picked":"Second Wind","floor":45},{"not_picked":["Perfected Strike+1","Flame Barrier+1"],"picked":"Dark Embrace","floor":46},{"not_picked":["Intimidate+1","Wild Strike"],"picked":"Burning Pact+1","floor":47},{"not_picked":["Wild Strike","Battle Trance","Shockwave+1"],"picked":"SKIP","floor":48},{"not_picked":["Second Wind","Headbutt+1"],"picked":"Demon Form","floor":55}],"player_experience":1311707,"relics_obtained":[{"floor":7.0,"key":"StrikeDummy"},{"floor":9.0,"key":"Eternal Feather"},{"floor":10.0,"key":"Ornamental Fan"},{"floor":13.0,"key":"Ice Cream"},{"floor":23.0,"key":"Pocketwatch"},{"floor":26.0,"key":"Art of War"},{"floor":31.0,"key":"CaptainsWheel"},{"floor":41.0,"key":"War Paint"},{"floor":47,"key":"Ancient Tea Set"},{"floor":55,"key":"Mummified Hand"}],"event_choices":[{"damage_healed":0.0,"max_hp_gain":0.0,"max_hp_loss":0.0,"gold_gain":0.0,"event_name":"Liars Game","player_choice":"Ignored","floor":4.0,"gold_loss":0.0,"damage_taken":0.0},{"damage_healed":0.0,"max_hp_gain":5.0,"max_hp_loss":0.0,"gold_gain":0.0,"event_name":"Big Fish","player_choice":"Donut","floor":11.0,"gold_loss":0.0,"damage_taken":0.0},{"damage_healed":0.0,"max_hp_gain":0.0,"max_hp_loss":8.0,"gold_gain":0.0,"event_name":"Golden Idol","player_choice":"Lose Max HP","floor":12.0,"gold_loss":0.0,"damage_taken":0.0,"relics_obtained":["Golden Idol"]},{"damage_healed":0.0,"max_hp_gain":0.0,"max_hp_loss":0.0,"gold_gain":0.0,"event_name":"Lab","player_choice":"Got Potions","floor":19.0,"gold_loss":0.0,"damage_taken":0.0},{"damage_healed":0.0,"max_hp_gain":0.0,"max_hp_loss":0.0,"gold_gain":0.0,"event_name":"Forgotten Altar","player_choice":"Gave Idol","floor":25.0,"relics_lost":["Golden Idol"],"gold_loss":0.0,"damage_taken":0.0,"relics_obtained":["Bloody Idol"]},{"cards_removed":["Strike_R"],"damage_healed":0.0,"max_hp_gain":0.0,"max_hp_loss":0.0,"gold_gain":0.0,"event_name":"Purifier","player_choice":"Purged","floor":36.0,"gold_loss":0.0,"damage_taken":0.0}],"is_beta":false,"boss_relics":[{"not_picked":["Mark of Pain","SacredBark"],"picked":"Coffee Dripper"},{"not_picked":["Empty Cage","Cursed Key"],"picked":"Snecko Eye"}],"items_purged_floors":[3,39],"is_endless":false,"potions_floor_spawned":[1,10,13,14,21,23,28,31,37,38,45,47,55],"ascension_level":20}