{"gold_per_floor":[119,131,131,149,149,167,167,199,199,227,227,256,269,282,282,355,355,373,387,399,399,204,204,230,230,255,269,42,70,70,100,100,172,172,187,187,207,74,11,43,59,69,69,69,98,23,58,88,88,88,88,88,88,2,34,34],"floor_reached":57,"playtime":3480,"items_purged":["Strike_R","Strike_R","Strike_R","Pain"],"score":2921,"play_id":"3d931225-a2fe-4ffc-b4d0-e52384402709","local_time":"20221223171733","is_ascension_mode":true,"campfire_choices":[{"data":"Perfected Strike","floor":7.0,"key":"SMITH"},{"data":"Juggernaut","floor":11.0,"key":"SMITH"},{"data":"True Grit","floor":15.0,"key":"SMITH"},{"data":"Armaments","floor":23.0,"key":"SMITH"},{"data":"Second Wind","floor":25.0,"key":"SMITH"},{"data":"Feel No Pain","floor":32.0,"key":"SMITH"},{"data":"Feel No Pain","floor":44,"key":"SMITH"},{"floor":49,"key":"RECALL"},{"data":"Barricade","floor":53,"key":"SMITH"}],"neow_cost":"TEN_PERCENT_HP_LOSS","seed_source_timestamp":405554392476000,"circlet_count":0,"master_deck":["AscendersBane","Defend_R","Defend_R","Defend_R","Defend_R","Bash","Pommel Strike","Clothesline","Bloodletting","Power Through","Juggernaut+1","True Grit+1","Second Wind+1","Barricade+1","Armaments+1","Shockwave","Feel No Pain+1","Sentinel","Metallicize","Body Slam+1","Feel No Pain+1","Shockwave","Fiend Fire","Burning Pact","Shrug It Off+1","Pommel Strike+1","Seeing Red+1","Evolve"],"special_seed":0,"relics":["Burning Blood","Pocketwatch","Orichalcum","TungstenRod","Kunai","InkBottle","Matryoshka","Coffee Dripper","Champion Belt","Akabeko","Toy Ornithopter","Membership Card","Centennial Puzzle","WingedGreaves","Cursed Key","Potion Belt","Anchor","Mercury Hourglass","Bag of Preparation","Blood Vial","Meat on the Bone","Bag of Marbles"],"potions_floor_usage":[45,50,51,55],"damage_taken":[{"damage":4.0,"enemies":"2 Louse","floor":1.0,"turns":4.0},{"damage":1.0,"enemies":"Cultist","floor":2.0,"turns":3.0},{"damage":4.0,"enemies":"Small Slimes","floor":4.0,"turns":3.0},{"damage":7.0,"enemies":"Looter","floor":6.0,"turns":3.0},{"damage":20.0,"enemies":"Lagavulin","floor":8.0,"turns":5.0},{"damage":1.0,"enemies":"Gremlin Nob","floor":10.0,"turns":3.0},{"damage":15.0,"enemies":"3 Sentries","floor":12.0,"turns":8.0},{"damage":14.0,"enemies":"Exordium Thugs","floor":13.0,"turns":3.0},{"damage":8.0,"enemies":"Red Slaver","floor":14.0,"turns":3.0},{"damage":9.0,"enemies":"Hexaghost","floor":16.0,"turns":10.0},{"damage":21.0,"enemies":"Shell Parasite","floor":18.0,"turns":4.0},{"damage":4.0,"enemies":"Spheric Guardian","floor":19.0,"turns":4.0},{"damage":6.0,"enemies":"Cultist and Chosen","floor":20.0,"turns":5.0},{"damage":38.0,"enemies":"Slavers","floor":24.0,"turns":8.0},{"damage":0.0,"enemies":"Snecko","floor":27.0,"turns":5.0},{"damage":14.0,"enemies":"Book of Stabbing","floor":29.0,"turns":6.0},{"damage":22.0,"enemies":"Slavers","floor":31.0,"turns":6.0},{"damage":3.0,"enemies":"Champ","floor":33.0,"turns":9.0},{"damage":17.0,"enemies":"3 Shapes","floor":35.0,"turns":4.0},{"damage":0.0,"enemies":"Orb Walker","floor":37.0,"turns":4.0},{"damage":13.0,"enemies":"Nemesis","floor":40.0,"turns":7.0},{"damage":11.0,"enemies":"Transient","floor":41.0,"turns":6.0},{"damage":0,"enemies":"Sphere and 2 Shapes","floor":42,"turns":3},{"damage":23,"enemies":"Reptomancer","floor":45,"turns":6},{"damage":0,"enemies":"Nemesis","floor":47,"turns":5},{"damage":7,"enemies":"Reptomancer","floor":48,"turns":6},{"damage":8,"enemies":"Time Eater","floor":50,"turns":8},{"damage":13,"enemies":"Awakened One","floor":51,"turns":8},{"damage":20,"enemies":"Shield and Spear","floor":55,"turns":6},{"damage":47,"enemies":"The Heart","floor":56,"turns":8}],"seed_played":"-654909505453901347","potions_obtained":[{"floor":1.0,"key":"Strength Potion"},{"floor":4.0,"key":"FairyPotion"},{"floor":10.0,"key":"EntropicBrew"},{"floor":33.0,"key":"FairyPotion"},{"floor":41.0,"key":"SteroidPotion"},{"floor":42,"key":"FearPotion"},{"floor":45,"key":"EssenceOfSteel"},{"floor":48,"key":"EssenceOfSteel"},{"floor":55,"key":"SneckoOil"}],"is_trial":false,"path_per_floor":["M","M","?","M","?","M","R","E","T","E","R","E","M","M","R","B",null,"M","M","M","?","$","R","E","R","T","M","$","E","?","E","R","B",null,"M","?","M","$","$","E","M","M","T","R","E","$","E","E","R","B","B",null,"R","$","E","B",null],"character_chosen":"IRONCLAD","items_purchased":["Feel No Pain","Sentinel","Membership Card","Feel No Pain","Shockwave","Potion Belt","Evolve","GamblersBrew"],"campfire_rested":0,"item_purchase_floors":[22,22,28,28,28,38,54,54],"current_hp_per_floor":[68,68,50,52,52,51,51,37,37,42,42,33,25,23,23,20,56,41,43,43,43,43,43,11,11,11,17,17,9,9,15,15,23,57,46,51,57,57,57,50,45,51,51,51,39,39,45,46,46,51,51,64,64,64,54,27],"gold":34,"neow_bonus":"ONE_RARE_RELIC","is_prod":false,"is_daily":false,"chose_seed":false,"campfire_upgraded":8,"win_rate":0,"timestamp":1671833853,"path_taken":["M","M","?","M","?","M","R","E","T","E","R","E","M","M","R","BOSS","M","M","M","?","$","R","E","R","T","M","$","E","?","E","R","BOSS","M","?","M","?","$","E","M","M","T","R","E","$","E","E","R","BOSS","BOSS","R","$","E","BOSS"],"build_version":"2022-12-18","purchased_purges":4,"victory":true,"max_hp_per_floor":[68,68,68,68,68,68,68,68,68,68,68,68,68,68,68,68,68,68,68,68,68,68,68,68,68,68,68,68,68,68,68,68,68,68,68,68,68,68,68,68,68,68,68,68,68,68,68,68,68,68,68,68,68,68,68,68],"relic_stats":{"counters":[30,163],"Bag of Preparation":[12],"Orichalcum":[180],"Cursed Key":1,"Burning Blood":173,"Mercury Hourglass":[212],"Blood Vial":10,"Centennial Puzzle":[33],"Matryoshka":2,"WingedGreaves":1,"Kunai":[7],"Champion Belt":[29],"Membership Card":415,"obtain_stats":[{"Potion Belt":38,"Bag of Preparation":45,"Orichalcum":3,"Cursed Key":34,"Burning Blood":0,"Akabeko":26,"Mercury Hourglass":43,"Blood Vial":47,"Centennial Puzzle":29,"Anchor":40,"Matryoshka":12,"WingedGreaves":31,"Coffee Dripper":17,"Bag of Marbles":55,"Kunai":9,"Champion Belt":24,"Membership Card":28,"TungstenRod":8,"InkBottle":10,"Toy Ornithopter":26,"Pocketwatch":0,"Meat on the Bone":48},{"Potion Belt":20,"Bag of Preparation":24,"Orichalcum":2,"Cursed Key":18,"Burning Blood":0,"Akabeko":14,"Mercury Hourglass":23,"Blood Vial":25,"Centennial Puzzle":16,"Anchor":21,"Matryoshka":7,"WingedGreaves":17,"Coffee Dripper":10,"Bag of Marbles":29,"Kunai":5,"Champion Belt":14,"Membership Card":15,"TungstenRod":5,"InkBottle":6,"Toy Ornithopter":14,"Pocketwatch":0,"Meat on the Bone":26},{"Potion Belt":100,"Bag of Preparation":122,"Orichalcum":7,"Cursed Key":92,"Burning Blood":0,"Akabeko":66,"Mercury Hourglass":116,"Blood Vial":127,"Centennial Puzzle":77,"Anchor":107,"Matryoshka":29,"WingedGreaves":83,"Coffee Dripper":45,"Bag of Marbles":155,"Kunai":18,"Champion Belt":66,"Membership Card":71,"TungstenRod":18,"InkBottle":21,"Toy Ornithopter":66,"Pocketwatch":0,"Meat on the Bone":133}],"TungstenRod":67,"InkBottle":[43],"Toy Ornithopter":22,"Pocketwatch":[317],"Meat on the Bone":12},"card_choices":[{"not_picked":["Disarm","Heavy Blade"],"picked":"Pommel Strike","floor":1.0},{"not_picked":["Wild Strike","Double Tap","Sentinel"],"picked":"SKIP","floor":2.0},{"not_picked":["Intimidate","Cleave"],"picked":"Clothesline","floor":4.0},{"not_picked":["Anger","Wild Strike"],"picked":"Perfected Strike","floor":6.0},{"not_picked":["Evolve","Sword Boomerang"],"picked":"Power Through","floor":8.0},{"not_picked":["Sever Soul","Warcry"],"picked":"Juggernaut","floor":10.0},{"not_picked":["Thunderclap","Anger","Clothesline"],"picked":"SKIP","floor":12.0},{"not_picked":["Carnage","Pommel Strike"],"picked":"True Grit","floor":13.0},{"not_picked":["Power Through","Reaper"],"picked":"Second Wind","floor":14.0},{"not_picked":["Bludgeon","Offering"],"picked":"Barricade","floor":16.0},{"not_picked":["Wild Strike","Headbutt"],"picked":"Armaments","floor":18.0},{"not_picked":["Intimidate","Cleave+1"],"picked":"Shockwave","floor":19.0},{"not_picked":["Twin Strike","Infernal Blade","Anger"],"picked":"SKIP","floor":20.0},{"not_picked":["Iron Wave","Juggernaut"],"picked":"Metallicize","floor":24.0},{"not_picked":["Iron Wave","Twin Strike"],"picked":"Body Slam+1","floor":27.0},{"not_picked":["Blood for Blood","Clash","Anger+1"],"picked":"SKIP","floor":29.0},{"not_picked":["Wild Strike","Heavy Blade","Cleave"],"picked":"SKIP","floor":31.0},{"not_picked":["Juggernaut","Berserk"],"picked":"Fiend Fire","floor":33.0},{"not_picked":["Havoc","Dual Wield"],"picked":"Burning Pact","floor":35.0},{"not_picked":["Wild Strike","Sword Boomerang"],"picked":"Shrug It Off+1","floor":37.0},{"not_picked":["Sever Soul+1","Anger","Whirlwind"],"picked":"SKIP","floor":40.0},{"not_picked":["Flame Barrier","Dual Wield","Cleave"],"picked":"SKIP","floor":41.0},{"not_picked":["Heavy Blade","Body Slam"],"picked":"Pommel Strike+1","floor":42},{"not_picked":["Second Wind","Wild Strike"],"picked":"Seeing Red+1","floor":45},{"not_picked":["Clash","Perfected Strike","Warcry"],"picked":"SKIP","floor":48},{"not_picked":["Headbutt","Clash","Reaper"],"picked":"SKIP","floor":55}],"player_experience":1334447,"relics_obtained":[{"floor":8.0,"key":"TungstenRod"},{"floor":9.0,"key":"Kunai"},{"floor":10.0,"key":"InkBottle"},{"floor":12.0,"key":"Matryoshka"},{"floor":24.0,"key":"Champion Belt"},{"floor":26.0,"key":"Akabeko"},{"floor":26.0,"key":"Toy Ornithopter"},{"floor":29.0,"key":"Centennial Puzzle"},{"floor":31.0,"key":"WingedGreaves"},{"floor":40.0,"key":"Anchor"},{"floor":43,"key":"Mercury Hourglass"},{"floor":45,"key":"Bag of Preparation"},{"floor":47,"key":"Blood Vial"},{"floor":48,"key":"Meat on the Bone"},{"floor":55,"key":"Bag of Marbles"}],"event_choices":[{"damage_healed":0.0,"max_hp_gain":0.0,"max_hp_loss":0.0,"gold_gain":0.0,"event_name":"Scrap Ooze","player_choice":"Success","floor":3.0,"gold_loss":0.0,"damage_taken":18.0,"relics_obtained":["Orichalcum"]},{"damage_healed":0.0,"max_hp_gain":0.0,"max_hp_loss":0.0,"gold_gain":0.0,"cards_transformed":["Strike_R"],"event_name":"Transmorgrifier","player_choice":"Transformed","floor":5.0,"gold_loss":0.0,"damage_taken":0.0,"cards_obtained":["Bloodletting"]},{"damage_healed":0.0,"max_hp_gain":0.0,"max_hp_loss":0.0,"gold_gain":0.0,"event_name":"Ghosts","player_choice":"Ignored","floor":21.0,"gold_loss":0.0,"damage_taken":0.0},{"cards_removed":["Strike_R"],"damage_healed":0.0,"max_hp_gain":0.0,"max_hp_loss":0.0,"gold_gain":0.0,"event_name":"Back to Basics","player_choice":"Elegance","floor":30.0,"gold_loss":0.0,"damage_taken":0.0},{"cards_removed":["Perfected Strike"],"damage_healed":5.0,"max_hp_gain":0.0,"max_hp_loss":0.0,"gold_gain":0.0,"event_name":"Bonfire Elementals","player_choice":"Offered Common","floor":36.0,"gold_loss":0.0,"damage_taken":0.0},{"cards_removed":["Perfected Strike"],"damage_healed":5.0,"max_hp_gain":0.0,"max_hp_loss":0.0,"gold_gain":0.0,"event_name":"Bonfire Elementals","player_choice":"Offered Special","floor":36.0,"gold_loss":0.0,"damage_taken":0.0}],"is_beta":false,"boss_relics":[{"not_picked":["Tiny House","Sozu"],"picked":"Coffee Dripper"},{"not_picked":["SacredBark","Snecko Eye"],"picked":"Cursed Key"}],"items_purged_floors":[22,38,39,46],"is_endless":false,"potions_floor_spawned":[1,4,8,10,12,19,20,29,33,35,37,41,42,45,48,55],"ascension_level":20}