{"gold_per_floor":[117,42,42,54,66,66,81,111,111,146,163,175,202,214,226,310,322,350,362,393,320,366,378],"floor_reached":23,"playtime":1028,"items_purged":["Decay"],"score":572,"play_id":"465018b0-77c3-4136-8b4d-4e7f50662ca5","local_time":"20221228223056","is_ascension_mode":true,"campfire_choices":[{"data":"Warcry","floor":6,"key":"SMITH"},{"floor":15,"key":"REST"}],"neow_cost":"CURSE","seed_source_timestamp":858842643146600,"circlet_count":0,"master_deck":["AscendersBane","Strike_R","Strike_R","Strike_R","Defend_R","Defend_R","Defend_R","Defend_R","Bash","Apotheosis+1","Twin Strike","Anger","Warcry+1","Pommel Strike","Perfected Strike","Fiend Fire","Feed+1","Cleave+1","Twin Strike+1","Dark Embrace+1","Burning Pact"],"relics":["Burning Blood","Potion Belt","Bottled Lightning","Frozen Egg 2","MawBank","HornCleat","Astrolabe","Toy Ornithopter","Red Mask"],"potions_floor_usage":[12,13,16,22,23],"damage_taken":[{"damage":3,"enemies":"2 Louse","floor":1,"turns":3},{"damage":0,"enemies":"Jaw Worm","floor":4,"turns":3},{"damage":0,"enemies":"Small Slimes","floor":5,"turns":3},{"damage":9,"enemies":"Looter","floor":7,"turns":3},{"damage":16,"enemies":"3 Sentries","floor":8,"turns":7},{"damage":11,"enemies":"Gremlin Nob","floor":10,"turns":3},{"damage":21,"enemies":"3 Louse","floor":11,"turns":2},{"damage":22,"enemies":"Exordium Wildlife","floor":12,"turns":5},{"damage":0,"enemies":"Lagavulin","floor":13,"turns":3},{"damage":0,"enemies":"Slime Boss","floor":16,"turns":4},{"damage":32,"enemies":"2 Thieves","floor":18,"turns":4},{"damage":10,"enemies":"3 Byrds","floor":20,"turns":5},{"damage":20,"enemies":"Masked Bandits","floor":22,"turns":5},{"damage":46,"enemies":"Gremlin Leader","floor":23,"turns":6}],"seed_played":"-2278196537989202480","potions_obtained":[{"floor":1,"key":"FearPotion"},{"floor":5,"key":"DistilledChaos"},{"floor":11,"key":"Regen Potion"},{"floor":13,"key":"LiquidMemories"},{"floor":16,"key":"SpeedPotion"},{"floor":22,"key":"Swift Potion"}],"is_trial":false,"path_per_floor":["M","$","?","M","M","R","M","E","T","E","M","M","E","?","R","B",null,"M","?","M","?","?","E"],"character_chosen":"IRONCLAD","items_purchased":[],"campfire_rested":1,"item_purchase_floors":[],"current_hp_per_floor":[71,71,71,75,75,75,72,62,62,57,42,40,46,20,42,48,68,46,46,46,46,41,0],"gold":378,"neow_bonus":"RANDOM_COLORLESS_2","is_prod":false,"is_daily":false,"chose_seed":false,"campfire_upgraded":1,"win_rate":0,"timestamp":1672284656,"path_taken":["M","$","?","M","M","R","M","E","T","E","M","M","E","?","R","BOSS","M","?","M","?","?","E"],"build_version":"2022-12-18","purchased_purges":1,"victory":false,"max_hp_per_floor":[75,75,75,75,75,75,75,75,75,75,75,75,75,75,75,75,75,79,79,83,83,87,87],"relic_stats":{"counters":[14,56],"Astrolabe":["Feed","Cleave","Twin Strike"],"Bottled Lightning":"Apotheosis","MawBank":120,"obtain_stats":[{"Potion Belt":8,"HornCleat":14,"Astrolabe":17,"Red Mask":22,"Bottled Lightning":9,"Frozen Egg 2":10,"MawBank":13,"Burning Blood":0,"Toy Ornithopter":21},{"Potion Belt":5,"HornCleat":9,"Astrolabe":10,"Red Mask":13,"Bottled Lightning":5,"Frozen Egg 2":6,"MawBank":9,"Burning Blood":0,"Toy Ornithopter":12},{"Potion Belt":19,"HornCleat":32,"Astrolabe":36,"Red Mask":50,"Bottled Lightning":19,"Frozen Egg 2":22,"MawBank":32,"Burning Blood":0,"Toy Ornithopter":45}],"Burning Blood":70,"Toy Ornithopter":10},"card_choices":[{"not_picked":["Panache","Magnetism"],"picked":"Apotheosis","floor":0},{"not_picked":["Reckless Charge","Havoc"],"picked":"Twin Strike","floor":1},{"not_picked":["Armaments","Headbutt"],"picked":"Anger","floor":4},{"not_picked":["True Grit","Disarm"],"picked":"Warcry","floor":5},{"not_picked":["Twin Strike","Thunderclap"],"picked":"Pommel Strike","floor":7},{"not_picked":["Twin Strike","Limit Break","Anger"],"picked":"SKIP","floor":8},{"not_picked":["Havoc","Heavy Blade","Armaments"],"picked":"SKIP","floor":10},{"not_picked":["Clash","Anger"],"picked":"Infernal Blade","floor":11},{"not_picked":["Clothesline","Anger","Havoc"],"picked":"SKIP","floor":12},{"not_picked":["Bloodletting","Anger"],"picked":"Perfected Strike","floor":13},{"not_picked":["Limit Break","Juggernaut+1"],"picked":"Fiend Fire","floor":16},{"not_picked":["Combust+1","Clothesline","Warcry"],"picked":"SKIP","floor":18},{"not_picked":["Evolve+1","Flex"],"picked":"Burning Pact","floor":20}],"player_experience":1362614,"relics_obtained":[{"floor":8,"key":"Potion Belt"},{"floor":9,"key":"Bottled Lightning"},{"floor":10,"key":"Frozen Egg 2"},{"floor":13,"key":"MawBank"},{"floor":22,"key":"Red Mask"}],"event_choices":[{"damage_healed":0,"gold_gain":0,"player_choice":"Grow","damage_taken":0,"max_hp_gain":0,"max_hp_loss":0,"event_name":"Living Wall","floor":3,"gold_loss":0,"cards_upgraded":["Apotheosis"]},{"damage_healed":0,"gold_gain":0,"player_choice":"Success","damage_taken":26,"relics_obtained":["HornCleat"],"max_hp_gain":0,"max_hp_loss":0,"event_name":"Scrap Ooze","floor":14,"gold_loss":0},{"damage_healed":0,"gold_gain":0,"player_choice":"Read","damage_taken":0,"max_hp_gain":0,"max_hp_loss":0,"event_name":"The Library","floor":19,"gold_loss":0,"cards_obtained":["Dark Embrace"]},{"damage_healed":0,"gold_gain":0,"player_choice":"Obtained Relic","damage_taken":0,"relics_obtained":["Toy Ornithopter"],"max_hp_gain":0,"max_hp_loss":0,"event_name":"Addict","floor":21,"gold_loss":85},{"damage_healed":0,"gold_gain":0,"player_choice":"Fought Bandits","damage_taken":0,"max_hp_gain":0,"max_hp_loss":0,"event_name":"Masked Bandits","floor":22,"gold_loss":0}],"is_beta":false,"boss_relics":[{"not_picked":["Snecko Eye","Empty Cage"],"picked":"Astrolabe"}],"items_purged_floors":[2],"is_endless":false,"potions_floor_spawned":[1,5,11,13,16,22],"killed_by":"Gremlin Leader","ascension_level":20}