{"gold_per_floor":[110,125,138,138,153,153,184,195,219,239,256,256,270,297,297,375,375,392,405,405,418,333,333,126,151,163,204,216,153,179,38,38,114,114,131,131,150,87,107,142,142,175,175,209,235,235,270,285,285,285,285,285,285,12,45,45],"floor_reached":57,"playtime":2997,"items_purged":["Clash","Entrench","Uppercut","Combust"],"score":3544,"play_id":"9bcf1bc1-f4ad-4075-82a3-6f7580f90542","local_time":"20221227003737","is_ascension_mode":true,"campfire_choices":[{"data":"Uppercut","floor":6.0,"key":"SMITH"},{"data":"1","floor":12.0,"key":"LIFT"},{"data":"2","floor":15.0,"key":"LIFT"},{"data":"3","floor":23.0,"key":"LIFT"},{"data":"Pommel Strike","floor":28,"key":"SMITH"},{"data":"Feel No Pain","floor":32,"key":"SMITH"},{"data":"Master of Strategy","floor":41,"key":"SMITH"},{"floor":46,"key":"RECALL"},{"data":"Barricade","floor":49,"key":"SMITH"},{"data":"Sentinel","floor":53,"key":"SMITH"}],"neow_cost":"TEN_PERCENT_HP_LOSS","seed_source_timestamp":691646341107100,"circlet_count":0,"master_deck":["AscendersBane","Bash+1","Pommel Strike","Flame Barrier","Pommel Strike+1","Uppercut+1","True Grit","Feel No Pain+1","Fiend Fire","Havoc","Seeing Red","Fiend Fire","Dropkick","Immolate","Sentinel+1","Seeing Red","Havoc+1","Master of Strategy+1","Demon Form","Havoc+1","Havoc+1","Barricade+1","Juggernaut","Seeing Red"],"special_seed":0,"relics":["Burning Blood","Girya","Dead Branch","Whetstone","Anchor","Pandora\u0027s Box","Meat on the Bone","Lantern","Membership Card","MawBank","Self Forming Clay","Question Card","Philosopher\u0027s Stone","Juzu Bracelet","Bottled Tornado","Vajra","Happy Flower","Bag of Marbles","Centennial Puzzle","CaptainsWheel"],"potions_floor_usage":[40,47,51,56,56],"damage_taken":[{"damage":12.0,"enemies":"2 Louse","floor":1.0,"turns":4.0},{"damage":6.0,"enemies":"Cultist","floor":2.0,"turns":3.0},{"damage":1.0,"enemies":"Small Slimes","floor":3.0,"turns":4.0},{"damage":4.0,"enemies":"3 Louse","floor":5.0,"turns":5.0},{"damage":48.0,"enemies":"3 Sentries","floor":7.0,"turns":10.0},{"damage":0.0,"enemies":"Large Slime","floor":8.0,"turns":4.0},{"damage":1.0,"enemies":"Exordium Thugs","floor":10.0,"turns":6.0},{"damage":8.0,"enemies":"Exordium Wildlife","floor":11.0,"turns":3.0},{"damage":7.0,"enemies":"3 Louse","floor":13.0,"turns":3.0},{"damage":7.0,"enemies":"Lagavulin","floor":14.0,"turns":6.0},{"damage":23.0,"enemies":"Slime Boss","floor":16.0,"turns":8.0},{"damage":8.0,"enemies":"3 Byrds","floor":18.0,"turns":4.0},{"damage":0.0,"enemies":"Chosen","floor":19.0,"turns":3.0},{"damage":8.0,"enemies":"Snake Plant","floor":21.0,"turns":2.0},{"damage":0.0,"enemies":"Gremlin Leader","floor":25.0,"turns":1.0},{"damage":11.0,"enemies":"Book of Stabbing","floor":27.0,"turns":4.0},{"damage":2,"enemies":"Shelled Parasite and Fungi","floor":30,"turns":2},{"damage":0,"enemies":"Champ","floor":33,"turns":4},{"damage":0,"enemies":"Orb Walker","floor":35,"turns":1},{"damage":0,"enemies":"3 Darklings","floor":37,"turns":2},{"damage":17,"enemies":"Sphere and 2 Shapes","floor":39,"turns":4},{"damage":0,"enemies":"Reptomancer","floor":40,"turns":2},{"damage":8,"enemies":"Giant Head","floor":42,"turns":4},{"damage":0,"enemies":"Nemesis","floor":44,"turns":3},{"damage":6,"enemies":"Reptomancer","floor":47,"turns":3},{"damage":0,"enemies":"Maw","floor":48,"turns":3},{"damage":0,"enemies":"Awakened One","floor":50,"turns":6},{"damage":0,"enemies":"Time Eater","floor":51,"turns":7},{"damage":0,"enemies":"Shield and Spear","floor":55,"turns":3},{"damage":45,"enemies":"The Heart","floor":56,"turns":7}],"seed_played":"1259029349259174858","potions_obtained":[{"floor":1.0,"key":"SneckoOil"},{"floor":3.0,"key":"Block Potion"},{"floor":8.0,"key":"ElixirPotion"},{"floor":10.0,"key":"Fire Potion"},{"floor":13.0,"key":"Regen Potion"},{"floor":18.0,"key":"Swift Potion"},{"floor":40,"key":"SkillPotion"},{"floor":47,"key":"CultistPotion"}],"is_trial":false,"path_per_floor":["M","M","M","?","M","R","E","M","T","M","M","R","M","E","R","B",null,"M","M","T","M","?","R","$","E","T","E","R","?","M","$","R","B",null,"M","?","M","$","M","E","R","E","T","E","T","R","E","M","R","B","B",null,"R","$","E","B",null],"character_chosen":"IRONCLAD","items_purchased":["Membership Card","Master of Strategy","Centennial Puzzle","Juggernaut","Swift Potion"],"campfire_rested":0,"item_purchase_floors":[24,31,54,54,54],"current_hp_per_floor":[62,62,67,67,68,68,26,32,32,37,35,35,34,33,33,16,55,53,59,59,57,57,57,57,63,63,58,58,58,62,62,62,68,68,68,68,68,68,57,68,68,66,66,68,68,68,68,68,68,68,68,68,68,68,68,41],"gold":45,"neow_bonus":"ONE_RARE_RELIC","is_prod":false,"is_daily":false,"chose_seed":false,"campfire_upgraded":6,"win_rate":0,"timestamp":1672119457,"path_taken":["M","M","M","?","M","R","E","M","T","?","M","R","M","E","R","BOSS","M","M","?","?","?","R","$","E","T","E","R","?","M","$","R","BOSS","M","?","M","?","M","E","R","E","T","E","?","R","E","M","R","BOSS","BOSS","R","$","E","BOSS"],"build_version":"2022-12-18","purchased_purges":4,"victory":true,"max_hp_per_floor":[68,68,68,68,68,68,68,68,68,68,68,68,68,68,68,68,68,68,68,68,68,68,68,68,68,68,68,68,68,68,68,68,68,68,68,68,68,68,68,68,68,68,68,68,68,68,68,68,68,68,68,68,68,68,68,68],"relic_stats":{"Girya":3,"Happy Flower":[9],"counters":[30,121],"Self Forming Clay":[81],"Dead Branch":[426],"Juzu Bracelet":0,"Whetstone":["Strike_R","Strike_R"],"Bottled Tornado":"Feel No Pain","MawBank":72,"Question Card":11,"Burning Blood":139,"Centennial Puzzle":[3],"Pandora\u0027s Box":["Dropkick","Entrench","Clash","Immolate","Flex","Uppercut","Sentinel","Combust","Seeing Red"],"Membership Card":524,"obtain_stats":[{"Girya":0,"Lantern":22,"Happy Flower":45,"Self Forming Clay":26,"Dead Branch":7,"Vajra":44,"Juzu Bracelet":40,"Whetstone":9,"Bottled Tornado":42,"MawBank":25,"Question Card":27,"Burning Blood":0,"Anchor":14,"Centennial Puzzle":54,"CaptainsWheel":55,"Pandora\u0027s Box":17,"Philosopher\u0027s Stone":34,"Bag of Marbles":47,"Membership Card":24,"Meat on the Bone":20},{"Girya":0,"Lantern":14,"Happy Flower":24,"Self Forming Clay":15,"Dead Branch":5,"Vajra":24,"Juzu Bracelet":22,"Whetstone":6,"Bottled Tornado":23,"MawBank":15,"Question Card":16,"Burning Blood":0,"Anchor":10,"Centennial Puzzle":28,"CaptainsWheel":29,"Pandora\u0027s Box":11,"Philosopher\u0027s Stone":18,"Bag of Marbles":25,"Membership Card":14,"Meat on the Bone":13},{"Girya":0,"Lantern":65,"Happy Flower":92,"Self Forming Clay":66,"Dead Branch":26,"Vajra":92,"Juzu Bracelet":85,"Whetstone":30,"Bottled Tornado":89,"MawBank":66,"Question Card":70,"Burning Blood":0,"Anchor":48,"Centennial Puzzle":111,"CaptainsWheel":114,"Pandora\u0027s Box":56,"Philosopher\u0027s Stone":76,"Bag of Marbles":95,"Membership Card":65,"Meat on the Bone":63}],"Meat on the Bone":12},"card_choices":[{"not_picked":["Entrench","Dual Wield"],"picked":"Pommel Strike","floor":1.0},{"not_picked":["Clothesline","Body Slam"],"picked":"Flame Barrier","floor":2.0},{"not_picked":["Rage","Clothesline"],"picked":"Pommel Strike","floor":3.0},{"not_picked":["True Grit","Anger"],"picked":"Uppercut","floor":5.0},{"not_picked":["Flex","Rage"],"picked":"True Grit","floor":7.0},{"not_picked":["Carnage","Iron Wave"],"picked":"Feel No Pain","floor":8.0},{"not_picked":["Heavy Blade","Metallicize"],"picked":"Fiend Fire","floor":10.0},{"not_picked":["Clothesline","Body Slam","Wild Strike"],"picked":"SKIP","floor":11.0},{"not_picked":["Rupture","Metallicize"],"picked":"Havoc","floor":13.0},{"not_picked":["Rupture","Body Slam"],"picked":"Seeing Red","floor":14.0},{"not_picked":["Demon Form","Barricade"],"picked":"Fiend Fire","floor":16.0},{"not_picked":["Armaments","Twin Strike"],"picked":"Havoc+1","floor":18.0},{"not_picked":["Flex","Thunderclap","Heavy Blade"],"picked":"SKIP","floor":19.0},{"not_picked":["Body Slam","Clothesline","Twin Strike"],"picked":"SKIP","floor":21.0},{"not_picked":["Ghostly Armor+1","Bloodletting","Fire Breathing"],"picked":"SKIP","floor":25.0},{"not_picked":["Sword Boomerang","Searing Blow","Shrug It Off"],"picked":"SKIP","floor":27},{"not_picked":["Sword Boomerang","Searing Blow","Shrug It Off"],"picked":"SKIP","floor":27},{"not_picked":["Iron Wave","Pummel","Sword Boomerang","Cleave"],"picked":"SKIP","floor":30},{"not_picked":["Bludgeon","Feed","Reaper"],"picked":"Demon Form","floor":33},{"not_picked":["Entrench","Bloodletting","Carnage+1","Headbutt"],"picked":"SKIP","floor":35},{"not_picked":["Flex","Perfected Strike","Armaments","Whirlwind"],"picked":"SKIP","floor":37},{"not_picked":["Flame Barrier","Heavy Blade","Clothesline","Berserk"],"picked":"SKIP","floor":39},{"not_picked":["Shrug It Off","Entrench","Thunderclap"],"picked":"Havoc+1","floor":40},{"not_picked":["Reckless Charge","Perfected Strike+1","Thunderclap"],"picked":"Havoc+1","floor":42},{"not_picked":["Clothesline","Cleave+1","Perfected Strike"],"picked":"Barricade","floor":44},{"not_picked":["Pommel Strike","Flex","Heavy Blade","Infernal Blade"],"picked":"SKIP","floor":47},{"not_picked":["Havoc","Power Through","Sword Boomerang","Heavy Blade"],"picked":"SKIP","floor":48},{"not_picked":["Anger+1","Demon Form","Carnage"],"picked":"Seeing Red","floor":55}],"player_experience":1339174,"relics_obtained":[{"floor":7.0,"key":"Dead Branch"},{"floor":9.0,"key":"Whetstone"},{"floor":14.0,"key":"Anchor"},{"floor":20.0,"key":"Meat on the Bone"},{"floor":25.0,"key":"MawBank"},{"floor":26.0,"key":"Self Forming Clay"},{"floor":27,"key":"Question Card"},{"floor":40,"key":"Juzu Bracelet"},{"floor":42,"key":"Bottled Tornado"},{"floor":44,"key":"Vajra"},{"floor":45,"key":"Happy Flower"},{"floor":47,"key":"Bag of Marbles"},{"floor":55,"key":"CaptainsWheel"}],"event_choices":[{"damage_healed":0.0,"max_hp_gain":0.0,"max_hp_loss":0.0,"gold_gain":0.0,"event_name":"Upgrade Shrine","player_choice":"Upgraded","floor":4.0,"gold_loss":0.0,"damage_taken":0.0,"cards_upgraded":["Bash"]},{"damage_healed":0.0,"max_hp_gain":0.0,"max_hp_loss":0.0,"gold_gain":0.0,"event_name":"Addict","player_choice":"Obtained Relic","floor":22.0,"gold_loss":85.0,"damage_taken":0.0,"relics_obtained":["Lantern"]},{"cards_removed":["Flex"],"damage_healed":0,"gold_gain":0,"player_choice":"Gave Gold","damage_taken":0,"max_hp_gain":0,"max_hp_loss":0,"event_name":"Beggar","floor":29,"gold_loss":75},{"damage_healed":0,"gold_gain":0,"player_choice":"0 cards matched","damage_taken":0,"max_hp_gain":0,"max_hp_loss":0,"event_name":"Match and Keep!","floor":36,"gold_loss":0,"cards_obtained":[]}],"is_beta":false,"boss_relics":[{"not_picked":["Fusion Hammer","Sozu"],"picked":"Pandora\u0027s Box"},{"not_picked":["Tiny House","Cursed Key"],"picked":"Philosopher\u0027s Stone"}],"items_purged_floors":[24,31,38,54],"is_endless":false,"potions_floor_spawned":[1,3,8,10,13,18,21,25,33,40,47],"ascension_level":20}