{"gold_per_floor":[110,124,124,124,135,135,153,187,187,187,202,217,247,261,261,338,338,354,291,308,318,331,331,356,376,429,429,188,218,218,244,244,319,319,333,345,345,360,370,3,36,36,87,122,132,150,150,25,25,25,25,25,25,25,54,54],"floor_reached":57,"playtime":3086,"items_purged":["Clumsy","Strike_R","Shame"],"score":2822,"play_id":"8b4b136b-26ef-49f6-b6cb-bd8991164b92","local_time":"20221227051018","is_ascension_mode":true,"campfire_choices":[{"data":"Battle Trance","floor":6.0,"key":"SMITH"},{"floor":10.0,"key":"REST"},{"data":"Demon Form","floor":15.0,"key":"SMITH"},{"data":"Seeing Red","floor":23.0,"key":"SMITH"},{"floor":27.0,"key":"REST"},{"data":"Shockwave","floor":30.0,"key":"SMITH"},{"data":"Power Through","floor":32.0,"key":"SMITH"},{"data":"Master of Strategy","floor":42.0,"key":"SMITH"},{"data":"Feel No Pain","floor":47,"key":"SMITH"},{"floor":49,"key":"RECALL"},{"data":"Second Wind","floor":53,"key":"SMITH"}],"neow_cost":"PERCENT_DAMAGE","seed_source_timestamp":707899803727000,"circlet_count":0,"master_deck":["AscendersBane","Strike_R","Strike_R","Strike_R","Strike_R","Defend_R","Defend_R","Defend_R","Defend_R","Bash+1","Demon Form+1","Headbutt","Second Wind+1","Battle Trance+1","Wild Strike","Power Through+1","Seeing Red+1","Fire Breathing","Uppercut+1","Blood for Blood+1","Fiend Fire+1","Anger+1","Bloodletting+1","Whirlwind+1","Wild Strike+1","Impervious","PanicButton","Shockwave+1","Impervious","Fiend Fire+1","Sword Boomerang+1","Feel No Pain+1","Barricade","Entrench","Master of Strategy+1","Entrench"],"special_seed":0,"relics":["Burning Blood","Anchor","Eternal Feather","Molten Egg 2","Cursed Key","Bag of Marbles","Question Card","PreservedInsect","MealTicket","Meat on the Bone","Snecko Eye","Ornamental Fan","White Beast Statue","Art of War"],"potions_floor_usage":[44,50],"damage_taken":[{"damage":12.0,"enemies":"Cultist","floor":1.0,"turns":4.0},{"damage":10.0,"enemies":"Small Slimes","floor":2.0,"turns":3.0},{"damage":0.0,"enemies":"2 Louse","floor":5.0,"turns":3.0},{"damage":12.0,"enemies":"Lots of Slimes","floor":7.0,"turns":5.0},{"damage":36.0,"enemies":"Gremlin Nob","floor":8.0,"turns":4.0},{"damage":0.0,"enemies":"Blue Slaver","floor":11.0,"turns":3.0},{"damage":2.0,"enemies":"3 Louse","floor":12.0,"turns":6.0},{"damage":10.0,"enemies":"3 Sentries","floor":13.0,"turns":5.0},{"damage":0.0,"enemies":"Red Slaver","floor":14.0,"turns":3.0},{"damage":18.0,"enemies":"Slime Boss","floor":16.0,"turns":6.0},{"damage":23.0,"enemies":"Spheric Guardian","floor":18.0,"turns":4.0},{"damage":0.0,"enemies":"Chosen","floor":20.0,"turns":3.0},{"damage":0.0,"enemies":"Sentry and Sphere","floor":21.0,"turns":4.0},{"damage":24.0,"enemies":"Snake Plant","floor":22.0,"turns":3.0},{"damage":39.0,"enemies":"Gremlin Leader","floor":24.0,"turns":5.0},{"damage":20.0,"enemies":"Snecko","floor":25.0,"turns":5.0},{"damage":0.0,"enemies":"Slavers","floor":29.0,"turns":1.0},{"damage":27.0,"enemies":"Gremlin Leader","floor":31.0,"turns":6.0},{"damage":65.0,"enemies":"Collector","floor":33.0,"turns":8.0},{"damage":0.0,"enemies":"Orb Walker","floor":35.0,"turns":1.0},{"damage":0.0,"enemies":"3 Shapes","floor":36.0,"turns":5.0},{"damage":38.0,"enemies":"Spire Growth","floor":38.0,"turns":5.0},{"damage":15.0,"enemies":"4 Shapes","floor":39.0,"turns":4.0},{"damage":0.0,"enemies":"Giant Head","floor":41.0,"turns":7.0},{"damage":24,"enemies":"Reptomancer","floor":44,"turns":6},{"damage":31,"enemies":"Jaw Worm Horde","floor":45,"turns":5},{"damage":11,"enemies":"Maw","floor":46,"turns":7},{"damage":40,"enemies":"Time Eater","floor":50,"turns":8},{"damage":50,"enemies":"Awakened One","floor":51,"turns":10},{"damage":24,"enemies":"Shield and Spear","floor":55,"turns":7},{"damage":59,"enemies":"The Heart","floor":56,"turns":11}],"seed_played":"-1337479489635769839","potions_obtained":[{"floor":2.0,"key":"Strength Potion"},{"floor":7.0,"key":"LiquidBronze"},{"floor":11.0,"key":"SteroidPotion"},{"floor":20.0,"key":"LiquidMemories"},{"floor":24.0,"key":"PowerPotion"},{"floor":25.0,"key":"Strength Potion"},{"floor":29.0,"key":"BlessingOfTheForge"},{"floor":31.0,"key":"Explosive Potion"},{"floor":33.0,"key":"Fire Potion"},{"floor":39.0,"key":"LiquidMemories"},{"floor":44,"key":"FairyPotion"},{"floor":55,"key":"Fire Potion"}],"is_trial":false,"path_per_floor":["M","M","?","?","M","R","M","E","T","R","M","M","E","M","R","B",null,"M","?","M","M","M","R","E","M","T","R","$","E","R","E","R","B",null,"M","M","?","M","M","$","E","R","T","E","M","M","R","$","R","B","B",null,"R","$","E","B",null],"character_chosen":"IRONCLAD","items_purchased":["Impervious","PanicButton","Entrench","Master of Strategy"],"campfire_rested":2,"item_purchase_floors":[28,28,40,40],"current_hp_per_floor":[44,40,40,40,46,46,40,10,10,41,47,51,47,53,65,53,70,53,53,59,65,47,59,26,12,12,49,49,55,70,49,67,20,61,67,73,73,53,44,59,65,75,75,57,44,51,72,75,75,53,21,62,75,75,57,40],"gold":54,"neow_bonus":"THREE_RARE_CARDS","is_prod":false,"is_daily":false,"chose_seed":false,"campfire_upgraded":8,"win_rate":0,"timestamp":1672135818,"path_taken":["M","?","?","?","M","R","M","E","T","R","M","?","E","M","R","BOSS","M","?","?","M","M","R","E","M","T","R","$","E","R","E","R","BOSS","M","M","?","?","M","$","E","R","T","E","M","M","R","$","R","BOSS","BOSS","R","$","E","BOSS"],"build_version":"2022-12-18","purchased_purges":3,"victory":true,"max_hp_per_floor":[75,75,75,75,75,75,75,75,75,75,75,75,75,75,75,75,75,75,75,75,75,75,75,75,75,75,75,75,75,75,75,75,75,75,75,75,75,75,75,75,75,75,75,75,75,75,75,75,75,75,75,75,75,75,75,75],"relic_stats":{"counters":[31,157],"Eternal Feather":125,"PreservedInsect":360,"Cursed Key":2,"Question Card":13,"Burning Blood":186,"White Beast Statue":[0.0,0.0,0.0,0.4,0.0,0.6000000000000001,0.0,0.0,0.0,0.0,0.0,1.2200000000000002],"Ornamental Fan":[52],"Snecko Eye":[138,126,147,131,-196],"MealTicket":18,"Art of War":[4],"obtain_stats":[{"Eternal Feather":9,"PreservedInsect":26,"Cursed Key":17,"Question Card":24,"Burning Blood":0,"White Beast Statue":44,"Anchor":8,"Ornamental Fan":41,"Snecko Eye":34,"Molten Egg 2":13,"MealTicket":29,"Bag of Marbles":19,"Art of War":55,"Meat on the Bone":31},{"Eternal Feather":5,"PreservedInsect":16,"Cursed Key":10,"Question Card":15,"Burning Blood":0,"White Beast Statue":25,"Anchor":5,"Ornamental Fan":24,"Snecko Eye":19,"Molten Egg 2":8,"MealTicket":17,"Bag of Marbles":11,"Art of War":30,"Meat on the Bone":18},{"Eternal Feather":19,"PreservedInsect":66,"Cursed Key":42,"Question Card":61,"Burning Blood":0,"White Beast Statue":109,"Anchor":19,"Ornamental Fan":103,"Snecko Eye":81,"Molten Egg 2":33,"MealTicket":67,"Bag of Marbles":46,"Art of War":146,"Meat on the Bone":73}],"Meat on the Bone":84},"card_choices":[{"not_picked":["Exhume","Berserk"],"picked":"Demon Form","floor":0.0},{"not_picked":["Flex","Rampage"],"picked":"Headbutt","floor":1.0},{"not_picked":["Wild Strike","Bloodletting"],"picked":"Second Wind","floor":2.0},{"not_picked":["Flex","Disarm"],"picked":"Battle Trance","floor":5.0},{"not_picked":["Entrench","Cleave"],"picked":"Wild Strike","floor":7.0},{"not_picked":["Clothesline","Cleave"],"picked":"Power Through","floor":8.0},{"not_picked":["Demon Form","Clothesline"],"picked":"Seeing Red","floor":11.0},{"not_picked":["Iron Wave","Shrug It Off"],"picked":"Fire Breathing","floor":12.0},{"not_picked":["Headbutt+1","Disarm"],"picked":"Uppercut+1","floor":13.0},{"not_picked":["Pommel Strike+1","Battle Trance"],"picked":"Blood for Blood+1","floor":14.0},{"not_picked":["Double Tap","Juggernaut"],"picked":"Fiend Fire+1","floor":16.0},{"not_picked":["Shrug It Off","Flex"],"picked":"Anger+1","floor":18.0},{"not_picked":["Armaments","Pummel+1","Thunderclap+1"],"picked":"SKIP","floor":20.0},{"not_picked":["Seeing Red","Metallicize"],"picked":"Bloodletting+1","floor":21.0},{"not_picked":["Headbutt+1","Cleave+1","Clash+1"],"picked":"SKIP","floor":22.0},{"not_picked":["Seeing Red","Heavy Blade+1"],"picked":"Whirlwind+1","floor":24.0},{"not_picked":["Headbutt+1","Perfected Strike+1","Entrench+1"],"picked":"Wild Strike+1","floor":25.0},{"not_picked":["Shrug It Off","Carnage+1","Hemokinesis+1"],"picked":"Shockwave","floor":29.0},{"not_picked":["Inflame","Rupture","Clash+1"],"picked":"Impervious","floor":31.0},{"not_picked":["Reaper+1","Demon Form","Bludgeon+1"],"picked":"Fiend Fire+1","floor":33.0},{"not_picked":["Intimidate","Sever Soul+1","Thunderclap+1"],"picked":"Sword Boomerang+1","floor":35.0},{"not_picked":["Twin Strike+1","Cleave+1","True Grit","Wild Strike+1"],"picked":"SKIP","floor":36.0},{"not_picked":["Heavy Blade+1","Searing Blow+1","Perfected Strike+1"],"picked":"Feel No Pain","floor":38.0},{"not_picked":["Searing Blow+1","Warcry","Pommel Strike+1"],"picked":"Barricade","floor":39.0},{"not_picked":["Thunderclap+1","Body Slam+1","Sentinel","Juggernaut"],"picked":"SKIP","floor":41.0},{"not_picked":["Hemokinesis+1","Bloodletting","Rage","Metallicize+1"],"picked":"SKIP","floor":44},{"not_picked":["Clothesline+1","Thunderclap+1","Armaments+1","Wild Strike+1"],"picked":"SKIP","floor":45},{"not_picked":["Havoc+1","Sentinel","Pummel+1","Clash+1"],"picked":"SKIP","floor":46},{"not_picked":["Headbutt+1","Berserk","Havoc"],"picked":"Entrench","floor":55}],"player_experience":1347675,"relics_obtained":[{"floor":8.0,"key":"Anchor"},{"floor":9.0,"key":"Eternal Feather"},{"floor":13.0,"key":"Molten Egg 2"},{"floor":24.0,"key":"Question Card"},{"floor":26.0,"key":"PreservedInsect"},{"floor":29.0,"key":"MealTicket"},{"floor":31.0,"key":"Meat on the Bone"},{"floor":41.0,"key":"Ornamental Fan"},{"floor":44,"key":"White Beast Statue"},{"floor":55,"key":"Art of War"}],"event_choices":[{"damage_healed":0.0,"max_hp_gain":0.0,"max_hp_loss":0.0,"gold_gain":0.0,"event_name":"Liars Game","player_choice":"Ignored","floor":3.0,"gold_loss":0.0,"damage_taken":0.0},{"damage_healed":0.0,"max_hp_gain":0.0,"max_hp_loss":0.0,"gold_gain":0.0,"event_name":"Accursed Blacksmith","player_choice":"Forge","floor":4.0,"gold_loss":0.0,"damage_taken":0.0,"cards_upgraded":["Bash"]},{"damage_healed":0.0,"max_hp_gain":0.0,"max_hp_loss":0.0,"gold_gain":0.0,"event_name":"WeMeetAgain","player_choice":"Paid Gold","floor":19.0,"gold_loss":63.0,"damage_taken":0.0,"relics_obtained":["Bag of Marbles"]},{"damage_healed":0.0,"max_hp_gain":0.0,"max_hp_loss":0.0,"gold_gain":0.0,"event_name":"SecretPortal","player_choice":"Ignored","floor":37.0,"gold_loss":0.0,"damage_taken":0.0}],"is_beta":false,"boss_relics":[{"not_picked":["Sozu","Black Star"],"picked":"Cursed Key"},{"not_picked":["SacredBark","Empty Cage"],"picked":"Snecko Eye"}],"items_purged_floors":[28,40,48],"is_endless":false,"potions_floor_spawned":[2,7,11,13,20,24,25,29,31,33,39,41,44,45,46,55],"ascension_level":20}