{"gold_per_floor":[20,20,40,64,64,64,78,117,117,160,85,99,174,215,215,215],"floor_reached":16,"playtime":641,"items_purged":["Strike_R"],"score":240,"play_id":"30287ed7-cb0c-4a49-83a3-cc002d8abc2f","local_time":"20221227061818","is_ascension_mode":true,"campfire_choices":[{"data":"Whirlwind","floor":6,"key":"SMITH"},{"data":"Feed","floor":15,"key":"SMITH"}],"neow_cost":"NO_GOLD","seed_source_timestamp":714474208658900,"circlet_count":0,"master_deck":["AscendersBane","Strike_R","Strike_R","Strike_R","Defend_R","Defend_R","Defend_R","Defend_R","Bash","Feed+1","Flame Barrier","Pommel Strike","Whirlwind+1","Burning Pact","Sentinel","Uppercut","Ghostly Armor"],"relics":["Burning Blood","Golden Idol","HornCleat","Meat on the Bone","Centennial Puzzle","Letter Opener"],"potions_floor_usage":[8,8,16],"damage_taken":[{"damage":7,"enemies":"2 Louse","floor":1,"turns":3},{"damage":1,"enemies":"Small Slimes","floor":3,"turns":7},{"damage":12,"enemies":"Cultist","floor":4,"turns":4},{"damage":18,"enemies":"Exordium Thugs","floor":7,"turns":5},{"damage":8,"enemies":"Gremlin Nob","floor":8,"turns":3},{"damage":41,"enemies":"Lagavulin","floor":10,"turns":9},{"damage":16,"enemies":"Red Slaver","floor":12,"turns":5},{"damage":6,"enemies":"3 Sentries","floor":14,"turns":4},{"damage":84,"enemies":"The Guardian","floor":16,"turns":20}],"seed_played":"6951891907729988525","potions_obtained":[{"floor":3,"key":"AttackPotion"},{"floor":4,"key":"LiquidMemories"},{"floor":10,"key":"DistilledChaos"}],"is_trial":false,"path_per_floor":["M","?","M","M","?","R","M","E","T","E","$","M","?","E","R","B"],"character_chosen":"IRONCLAD","items_purchased":[],"campfire_rested":0,"item_purchase_floors":[],"current_hp_per_floor":[70,70,74,71,71,71,62,63,63,43,43,48,37,52,52,0],"gold":215,"neow_bonus":"THREE_RARE_CARDS","is_prod":false,"is_daily":false,"chose_seed":false,"campfire_upgraded":2,"win_rate":0,"timestamp":1672139898,"path_taken":["M","?","M","M","?","R","M","E","T","E","$","M","?","E","R","BOSS"],"build_version":"2022-12-18","purchased_purges":1,"victory":false,"max_hp_per_floor":[78,71,74,77,77,77,80,83,83,86,86,89,89,92,92,92],"relic_stats":{"Centennial Puzzle":[9],"counters":[9,60],"Golden Idol":40,"Letter Opener":[10],"obtain_stats":[{"Centennial Puzzle":10,"HornCleat":8,"Golden Idol":2,"Letter Opener":14,"Burning Blood":0,"Meat on the Bone":9},{"Centennial Puzzle":6,"HornCleat":5,"Golden Idol":1,"Letter Opener":8,"Burning Blood":0,"Meat on the Bone":5},{"Centennial Puzzle":31,"HornCleat":22,"Golden Idol":3,"Letter Opener":40,"Burning Blood":0,"Meat on the Bone":22}],"Burning Blood":44,"Meat on the Bone":36},"card_choices":[{"not_picked":["Bludgeon","Double Tap"],"picked":"Feed","floor":0},{"not_picked":["Shrug It Off","Thunderclap"],"picked":"Flame Barrier","floor":1},{"not_picked":["Shrug It Off","Body Slam","Evolve"],"picked":"SKIP","floor":3},{"not_picked":["Clash","Feel No Pain"],"picked":"Pommel Strike","floor":4},{"not_picked":["Cleave","Heavy Blade"],"picked":"Burning Pact","floor":7},{"not_picked":["Armaments","Rage"],"picked":"Sentinel","floor":8},{"not_picked":["Anger","Flex","Limit Break"],"picked":"SKIP","floor":10},{"not_picked":["Heavy Blade","Sentinel"],"picked":"Uppercut","floor":12},{"not_picked":["Whirlwind","Searing Blow"],"picked":"Ghostly Armor","floor":14}],"player_experience":1354100,"relics_obtained":[{"floor":8,"key":"HornCleat"},{"floor":9,"key":"Meat on the Bone"},{"floor":10,"key":"Centennial Puzzle"},{"floor":14,"key":"Letter Opener"}],"event_choices":[{"damage_healed":0,"gold_gain":0,"player_choice":"Lose Max HP","damage_taken":0,"relics_obtained":["Golden Idol"],"max_hp_gain":0,"max_hp_loss":7,"event_name":"Golden Idol","floor":2,"gold_loss":0},{"damage_healed":0,"gold_gain":0,"cards_transformed":["Strike_R"],"player_choice":"Change","damage_taken":0,"max_hp_gain":0,"max_hp_loss":0,"event_name":"Living Wall","floor":5,"gold_loss":0,"cards_obtained":["Whirlwind"]},{"damage_healed":0,"gold_gain":75,"player_choice":"Gather Gold","damage_taken":11,"max_hp_gain":0,"max_hp_loss":0,"event_name":"World of Goop","floor":13,"gold_loss":0}],"is_beta":false,"boss_relics":[],"items_purged_floors":[11],"is_endless":false,"potions_floor_spawned":[3,4,10],"killed_by":"The Guardian","ascension_level":20}