{"gold_per_floor":[116,128,128,128,146,184,109,145,196,236,236,276,276,290,290,290],"floor_reached":16,"playtime":847,"items_purged":[],"score":306,"play_id":"3a1bf928-c9ec-4e65-a802-3ef73904ddff","local_time":"20230106154231","is_ascension_mode":true,"campfire_choices":[{"floor":11,"key":"REST"},{"floor":13,"key":"REST"},{"data":"Bash","floor":15,"key":"SMITH"}],"neow_cost":"NONE","seed_source_timestamp":1612101980311700,"circlet_count":0,"master_deck":["AscendersBane","Strike_R","Strike_R","Strike_R","Strike_R","Defend_R","Defend_R","Defend_R","Defend_R","Bash+1","Swift Strike","Armaments","Power Through","Pommel Strike","Barricade","Offering","Entrench","Twin Strike","Anger"],"relics":["Burning Blood","Golden Idol","White Beast Statue","Happy Flower","MealTicket","Regal Pillow"],"potions_floor_usage":[6,6,8,12,12,16,16],"damage_taken":[{"damage":9,"enemies":"Jaw Worm","floor":1,"turns":4},{"damage":2,"enemies":"2 Louse","floor":2,"turns":3},{"damage":3,"enemies":"Small Slimes","floor":5,"turns":3},{"damage":43,"enemies":"Lagavulin","floor":6,"turns":9},{"damage":0,"enemies":"Gremlin Nob","floor":8,"turns":2},{"damage":33,"enemies":"3 Sentries","floor":10,"turns":17},{"damage":34,"enemies":"Gremlin Nob","floor":12,"turns":5},{"damage":14,"enemies":"2 Fungi Beasts","floor":14,"turns":8},{"damage":51,"enemies":"Hexaghost","floor":16,"turns":15}],"seed_played":"6383609797193811684","potions_obtained":[{"floor":5,"key":"EntropicBrew"},{"floor":8,"key":"Weak Potion"},{"floor":10,"key":"Ancient Potion"},{"floor":12,"key":"SpeedPotion"},{"floor":14,"key":"BloodPotion"}],"is_trial":false,"path_per_floor":["M","M","?","?","M","E","?","E","T","E","R","E","R","M","R","B"],"character_chosen":"IRONCLAD","items_purchased":[],"campfire_rested":2,"item_purchase_floors":[],"current_hp_per_floor":[65,69,68,73,73,36,36,42,42,15,36,8,44,36,36,0],"gold":290,"neow_bonus":"RANDOM_COLORLESS","is_prod":false,"is_daily":false,"chose_seed":false,"campfire_upgraded":1,"win_rate":0,"timestamp":1673037751,"path_taken":["M","M","?","?","M","E","?","E","T","E","R","E","R","M","R","BOSS"],"build_version":"2022-12-18","purchased_purges":0,"victory":false,"max_hp_per_floor":[75,75,68,73,73,73,73,73,73,73,73,73,73,73,73,73],"relic_stats":{"Regal Pillow":15,"Happy Flower":[15],"counters":[9,66],"Golden Idol":38,"MealTicket":0,"obtain_stats":[{"Regal Pillow":12,"Happy Flower":8,"Golden Idol":3,"MealTicket":9,"Burning Blood":0,"White Beast Statue":6},{"Regal Pillow":7,"Happy Flower":5,"Golden Idol":2,"MealTicket":5,"Burning Blood":0,"White Beast Statue":4},{"Regal Pillow":43,"Happy Flower":21,"Golden Idol":7,"MealTicket":21,"Burning Blood":0,"White Beast Statue":19}],"Burning Blood":45,"White Beast Statue":[0.0,0.0,0.03600000000000001,0.0,0.3480000000000001,0.0,0.49360000000000015,0.0,0.12000000000000004,0.0,0.002400000000000001,2.2952000000000004]},"card_choices":[{"not_picked":["Purity","Madness"],"picked":"Swift Strike","floor":0},{"not_picked":["Cleave","Body Slam"],"picked":"Armaments","floor":1},{"not_picked":["Sentinel","Cleave"],"picked":"Power Through","floor":2},{"not_picked":["Thunderclap","Havoc"],"picked":"Pommel Strike","floor":5},{"not_picked":["Wild Strike","Thunderclap"],"picked":"Barricade","floor":6},{"not_picked":["Pummel","Cleave"],"picked":"Offering","floor":8},{"not_picked":["Warcry","True Grit"],"picked":"Entrench","floor":10},{"not_picked":["Clothesline","Wild Strike"],"picked":"Twin Strike","floor":12},{"not_picked":["Inflame","Thunderclap"],"picked":"Anger","floor":14}],"player_experience":1371004,"relics_obtained":[{"floor":6,"key":"White Beast Statue"},{"floor":8,"key":"Happy Flower"},{"floor":9,"key":"MealTicket"},{"floor":12,"key":"Regal Pillow"}],"event_choices":[{"damage_healed":0,"gold_gain":0,"player_choice":"Lose Max HP","damage_taken":0,"relics_obtained":["Golden Idol"],"max_hp_gain":0,"max_hp_loss":7,"event_name":"Golden Idol","floor":3,"gold_loss":0},{"damage_healed":0,"gold_gain":0,"player_choice":"Donut","damage_taken":0,"max_hp_gain":5,"max_hp_loss":0,"event_name":"Big Fish","floor":4,"gold_loss":0},{"cards_removed":["Strike_R"],"damage_healed":0,"gold_gain":0,"player_choice":"Card Removal","damage_taken":0,"max_hp_gain":0,"max_hp_loss":0,"event_name":"The Cleric","floor":7,"gold_loss":75}],"is_beta":false,"boss_relics":[],"items_purged_floors":[],"is_endless":false,"potions_floor_spawned":[5,8,10,12,14],"killed_by":"Hexaghost","ascension_level":20}