{"gold_per_floor":[119,119,133,148,158,170,205,205,205,219,55,85,85,105,105,105],"floor_reached":16,"playtime":1151,"items_purged":["Strike_R"],"score":228,"play_id":"31da18d4-c551-4234-84fe-86fd29d93160","local_time":"20230121043144","is_ascension_mode":true,"campfire_choices":[{"data":"Hemokinesis","floor":8,"key":"SMITH"},{"data":"Shockwave","floor":15,"key":"SMITH"}],"neow_cost":"TEN_PERCENT_HP_LOSS","seed_source_timestamp":185819390149300,"circlet_count":0,"master_deck":["AscendersBane","Strike_R","Strike_R","Strike_R","Strike_R","Defend_R","Defend_R+1","Defend_R","Defend_R","Bash","Master of Strategy+1","Headbutt","Hemokinesis+1","Shockwave+1","Flame Barrier","Whirlwind","Evolve","Burning Pact"],"relics":["Burning Blood","War Paint","Vajra","InkBottle","Magic Flower"],"potions_floor_usage":[12,16,16,16],"damage_taken":[{"damage":7,"enemies":"Small Slimes","floor":1,"turns":4},{"damage":0,"enemies":"2 Louse","floor":3,"turns":2},{"damage":2,"enemies":"Cultist","floor":4,"turns":3},{"damage":3,"enemies":"2 Fungi Beasts","floor":5,"turns":3},{"damage":5,"enemies":"Large Slime","floor":6,"turns":5},{"damage":10,"enemies":"Gremlin Nob","floor":7,"turns":3},{"damage":13,"enemies":"Red Slaver","floor":10,"turns":4},{"damage":25,"enemies":"Lagavulin","floor":12,"turns":6},{"damage":8,"enemies":"Looter","floor":14,"turns":3},{"damage":49,"enemies":"Hexaghost","floor":16,"turns":9}],"seed_played":"5116709009086617250","potions_obtained":[{"floor":5,"key":"LiquidBronze"},{"floor":6,"key":"EntropicBrew"},{"floor":10,"key":"AttackPotion"},{"floor":14,"key":"AttackPotion"}],"is_trial":false,"path_per_floor":["M","?","M","M","M","M","E","R","T","M","$","E","?","M","R","B"],"character_chosen":"IRONCLAD","items_purchased":["Evolve"],"campfire_rested":0,"item_purchase_floors":[11],"current_hp_per_floor":[67,56,62,66,68,68,64,64,64,57,57,38,43,44,44,0],"gold":105,"neow_bonus":"RANDOM_COLORLESS_2","is_prod":false,"is_daily":false,"chose_seed":false,"campfire_upgraded":2,"win_rate":0,"timestamp":1674293504,"path_taken":["M","?","M","M","M","M","E","R","T","M","$","E","?","M","R","BOSS"],"build_version":"2022-12-18","purchased_purges":1,"victory":false,"max_hp_per_floor":[68,68,68,68,68,68,68,68,68,68,68,68,73,73,73,73],"relic_stats":{"counters":[10,42],"Magic Flower":[3],"War Paint":["Master of Strategy","Defend_R"],"obtain_stats":[{"Vajra":7,"Magic Flower":12,"War Paint":2,"Burning Blood":0,"InkBottle":9},{"Vajra":6,"Magic Flower":8,"War Paint":1,"Burning Blood":0,"InkBottle":6},{"Vajra":20,"Magic Flower":30,"War Paint":4,"Burning Blood":0,"InkBottle":20}],"Burning Blood":55,"InkBottle":[5]},"card_choices":[{"not_picked":["Sadistic Nature","Chrysalis"],"picked":"Master of Strategy","floor":0},{"not_picked":["True Grit","Iron Wave"],"picked":"Headbutt","floor":1},{"not_picked":["Entrench","Fire Breathing"],"picked":"Hemokinesis","floor":3},{"not_picked":["Headbutt","Thunderclap","Clash"],"picked":"SKIP","floor":4},{"not_picked":["Anger","Cleave"],"picked":"Shockwave","floor":5},{"not_picked":["Entrench","Clash","Perfected Strike"],"picked":"SKIP","floor":6},{"not_picked":["Exhume","Warcry"],"picked":"Flame Barrier","floor":7},{"not_picked":["Sentinel","Fire Breathing"],"picked":"Whirlwind","floor":10},{"not_picked":["Sever Soul","Ghostly Armor"],"picked":"Burning Pact","floor":12},{"not_picked":["Perfected Strike","Flex","Clash"],"picked":"SKIP","floor":14}],"player_experience":1405740,"relics_obtained":[{"floor":7,"key":"Vajra"},{"floor":9,"key":"InkBottle"},{"floor":12,"key":"Magic Flower"}],"event_choices":[{"damage_healed":0,"gold_gain":0,"player_choice":"Success","damage_taken":11,"relics_obtained":["War Paint"],"max_hp_gain":0,"max_hp_loss":0,"event_name":"Scrap Ooze","floor":2,"gold_loss":0},{"damage_healed":0,"gold_gain":0,"player_choice":"Donut","damage_taken":0,"max_hp_gain":5,"max_hp_loss":0,"event_name":"Big Fish","floor":13,"gold_loss":0}],"is_beta":false,"boss_relics":[],"items_purged_floors":[11],"is_endless":false,"potions_floor_spawned":[5,6,7,10,14],"killed_by":"Hexaghost","ascension_level":20}