{"gold_per_floor":[117,129,129,147,207,240,240,268,293,310,320,320],"floor_reached":12,"playtime":328,"items_purged":[],"score":180,"play_id":"5b860b09-7e68-492c-a630-54bfa79dd1a4","local_time":"20230306235830","is_ascension_mode":true,"campfire_choices":[{"floor":7,"key":"REST"}],"neow_cost":"PERCENT_DAMAGE","seed_source_timestamp":1719489374290300,"circlet_count":0,"master_deck":["AscendersBane","Strike_R","Strike_R","Strike_R","Strike_R","Strike_R","Defend_R+1","Defend_R","Defend_R","Defend_R","Bash","Violence","Shockwave+1","Cleave","Carnage","Seeing Red","Pommel Strike","Shrug It Off","Shrug It Off"],"relics":["Burning Blood","Art of War","Tiny Chest","War Paint"],"potions_floor_usage":[6],"damage_taken":[{"damage":14,"enemies":"Jaw Worm","floor":1,"turns":4},{"damage":9,"enemies":"2 Louse","floor":2,"turns":3},{"damage":17,"enemies":"Small Slimes","floor":4,"turns":4},{"damage":20,"enemies":"Lagavulin","floor":6,"turns":6},{"damage":29,"enemies":"Gremlin Nob","floor":8,"turns":4},{"damage":12,"enemies":"Blue Slaver","floor":10,"turns":4},{"damage":8,"enemies":"Looter","floor":11,"turns":2},{"damage":17,"enemies":"Lagavulin","floor":12,"turns":3}],"seed_played":"-7442433458454509376","potions_obtained":[{"floor":2,"key":"DistilledChaos"},{"floor":4,"key":"SpeedPotion"},{"floor":8,"key":"Explosive Potion"}],"is_trial":false,"path_per_floor":["M","M","?","M","?","E","R","E","T","M","M","E"],"character_chosen":"IRONCLAD","basemod:card_modifiers":[null,null,null,null,null,null,null,null,null,null,null,null,null,null,null,null,null,null,null],"items_purchased":[],"campfire_rested":1,"item_purchase_floors":[],"current_hp_per_floor":[42,39,44,33,33,19,43,20,20,14,12,0],"gold":320,"neow_bonus":"RANDOM_COLORLESS_2","is_prod":false,"is_daily":false,"chose_seed":false,"campfire_upgraded":0,"win_rate":0,"timestamp":1678165110,"path_taken":["M","M","?","M","?","E","R","E","T","M","M","E"],"build_version":"2022-12-18","purchased_purges":0,"victory":false,"max_hp_per_floor":[75,75,80,80,80,80,80,80,80,80,80,80],"relic_stats":{"counters":[8,30],"Tiny Chest":0,"Art of War":[1],"War Paint":["Defend_R","Shockwave"],"obtain_stats":[{"Tiny Chest":8,"Art of War":6,"War Paint":9,"Burning Blood":0},{"Tiny Chest":5,"Art of War":4,"War Paint":5,"Burning Blood":0},{"Tiny Chest":21,"Art of War":17,"War Paint":21,"Burning Blood":0}],"Burning Blood":42},"card_choices":[{"not_picked":["Transmutation","Thinking Ahead"],"picked":"Violence","floor":0},{"not_picked":["Infernal Blade","Wild Strike"],"picked":"Shockwave","floor":1},{"not_picked":["Ghostly Armor","True Grit"],"picked":"Cleave","floor":2},{"not_picked":["Warcry","Twin Strike"],"picked":"Carnage","floor":4},{"not_picked":["Headbutt","Body Slam"],"picked":"Seeing Red","floor":6},{"not_picked":["Seeing Red","Clothesline"],"picked":"Pommel Strike","floor":8},{"not_picked":["Wild Strike","Anger"],"picked":"Shrug It Off","floor":10},{"not_picked":["Bloodletting","Sever Soul"],"picked":"Shrug It Off","floor":11}],"player_experience":1499955,"relics_obtained":[{"floor":6,"key":"Art of War"},{"floor":8,"key":"Tiny Chest"},{"floor":9,"key":"War Paint"}],"event_choices":[{"damage_healed":0,"gold_gain":0,"player_choice":"Donut","damage_taken":0,"max_hp_gain":5,"max_hp_loss":0,"event_name":"Big Fish","floor":3,"gold_loss":0},{"damage_healed":0,"gold_gain":60,"player_choice":"Gained Gold","damage_taken":0,"max_hp_gain":0,"max_hp_loss":0,"event_name":"Golden Wing","floor":5,"gold_loss":0}],"is_beta":false,"boss_relics":[],"items_purged_floors":[],"is_endless":false,"potions_floor_spawned":[2,4,8,11],"killed_by":"Lagavulin","ascension_level":20}