{"potions_obtained_entropic_brew":[[],[],[],[],[],[],[],[],[],[],[],[],[],[],[],[],[],[],[],[],[],[],[],[],[],[],[],[],[],[],[],[],[],[],[],[],[],[],[],[],[],[],[],[],[],[],[],[],[],[],[]],"gold_per_floor":[110,128,128,146,146,146,107,107,130,130,146,181,195,229,229,353,416,441,454,472,26,26,26,49,49,49,69,82,82,117,141,141,260,260,284,303,328,328,406,406,331,331,331,83,123,138,152,165,165,185],"floor_reached":51,"playtime":3229,"items_purged":["Decay","Cleave"],"score":823,"play_id":"97716508-0801-4c14-afba-7bd1a8156d46","local_time":"20230311180518","daily_mods":["SealedDeck","Colorless Cards"],"score_breakdown":["Floors Climbed (51): 255","Enemies Slain (18): 36","Exordium Elites Killed (2): 20","City Elites Killed (1): 20","Beyond Elites Killed (1): 30","Bosses Slain (3): 300","Speedster: 25","Well Fed: 25","Champion (1): 25","Overkill: 25","C-c-c-combo: 25","Ascension (1): 37"],"is_ascension_mode":true,"potions_obtained_alchemize":[[],[],[],[],[],[],[],[],[],[],[],[],[],[],[],[],[],[],[],[],[],[],[],[],[],[],[],[],[],[],[],[],[],[],[],[],[],[],[],[],[],[],[],[],[],[],[],[],[],[],[]],"campfire_choices":[{"data":"Rampage","floor":6,"key":"SMITH"},{"data":"True Grit","floor":10,"key":"SMITH"},{"data":"Disarm","floor":15,"key":"SMITH"},{"data":"Madness","floor":23,"key":"SMITH"},{"data":"Deep Breath","floor":25,"key":"SMITH"},{"data":"Evolve","floor":29,"key":"SMITH"},{"floor":32,"key":"REST"},{"floor":40,"key":"REST"},{"data":"Offering","floor":42,"key":"SMITH"},{"data":"Battle Trance","floor":49,"key":"SMITH"}],"lesson_learned_per_floor":[[],[],[],[],[],[],[],[],[],[],[],[],[],[],[],[],[],[],[],[],[],[],[],[],[],[],[],[],[],[],[],[],[],[],[],[],[],[],[],[],[],[],[],[],[],[],[],[],[],[],[]],"neow_cost":"","improvable_cards":{},"seed_source_timestamp":0,"shop_contents":[{"floor":7,"relics":["Dead Branch","Akabeko","Sling"],"cards":["Headbutt","Pummel","True Grit","Power Through","Good Instincts","Magnetism"],"potions":["Swift Potion","EntropicBrew","Fruit Juice"]},{"floor":21,"relics":[],"cards":["Thunderclap","Body Slam","Flex","Dual Wield","Inflame","Impatience","Secret Technique"],"potions":["LiquidBronze","FearPotion","Energy Potion"]},{"floor":41,"relics":["Thread and Needle","Question Card","Lee\u0027s Waffle"],"cards":["Clothesline","Thunderclap","Warcry","Flex","Metallicize","Enlightenment","Chrysalis"],"potions":["BloodPotion","Energy Potion","Dexterity Potion"]},{"floor":44,"relics":["Incense Burner","Paper Frog"],"cards":["Perfected Strike","Heavy Blade","Ghostly Armor","Entrench","Fire Breathing","Blind","Metamorphosis"],"potions":["SkillPotion","ColorlessPotion","Ancient Potion"]}],"circlet_count":0,"master_deck":["Deep Breath+1","Cleave","Madness+1","Rampage+1","Swift Strike+1","Shrug It Off","Shrug It Off","Reckless Charge","True Grit+1","Battle Trance+1","Evolve+1","Feel No Pain","Metamorphosis","Shockwave","Disarm+1","Deep Breath+1","Finesse+1","Madness+1","Offering+1","True Grit+1","Fire Breathing+1"],"potion_use_per_floor":[[],[],[],[],[],[],[],[],[],[],[],[],[],["Fire Potion"],[],[],[],[],["SkillPotion","GamblersBrew"],[],[],[],[],[],[],[],[],[],[],[],[],[],["PowerPotion"],[],[],[],[],[],[],[],[],[],[],[],["Explosive Potion"],[],[],[],[],["Swift Potion"],[]],"relics":["Burning Blood","Golden Idol","Bronze Scales","Tiny Chest","Dream Catcher","Tiny House","Medical Kit","Pen Nib","PreservedInsect","Oddly Smooth Stone","Lantern","Busted Crown","Sundial","Strawberry","DollysMirror","Du-Vu Doll"],"potions_floor_usage":[14,19,19,33,45,50],"damage_taken":[{"damage":0,"enemies":"2 Louse","floor":1,"turns":2},{"damage":0,"enemies":"Small Slimes","floor":2,"turns":1},{"damage":0,"enemies":"Cultist","floor":4,"turns":2},{"damage":0,"enemies":"3 Louse","floor":11,"turns":2},{"damage":7,"enemies":"Lagavulin","floor":12,"turns":5},{"damage":0,"enemies":"Gremlin Gang","floor":13,"turns":2},{"damage":2,"enemies":"Gremlin Nob","floor":14,"turns":2},{"damage":10,"enemies":"The Guardian","floor":16,"turns":8},{"damage":0,"enemies":"3 Byrds","floor":18,"turns":3},{"damage":6,"enemies":"2 Thieves","floor":19,"turns":4},{"damage":17,"enemies":"Centurion and Healer","floor":20,"turns":6},{"damage":13,"enemies":"Shelled Parasite and Fungi","floor":24,"turns":5},{"damage":1,"enemies":"Chosen and Byrds","floor":27,"turns":3},{"damage":29,"enemies":"Sentry and Sphere","floor":28,"turns":4},{"damage":8,"enemies":"Book of Stabbing","floor":30,"turns":3},{"damage":18,"enemies":"Snecko","floor":31,"turns":7},{"damage":16,"enemies":"Automaton","floor":33,"turns":5},{"damage":22,"enemies":"3 Shapes","floor":35,"turns":2},{"damage":18,"enemies":"Orb Walker","floor":36,"turns":3},{"damage":6,"enemies":"Writhing Mass","floor":37,"turns":8},{"damage":8,"enemies":"Reptomancer","floor":45,"turns":4},{"damage":6,"enemies":"Spire Growth","floor":46,"turns":3},{"damage":6,"enemies":"3 Darklings","floor":47,"turns":4},{"damage":9,"enemies":"4 Shapes","floor":48,"turns":5},{"damage":8,"enemies":"Awakened One","floor":50,"turns":5}],"seed_played":"8979742521317443274","potions_obtained":[{"floor":1,"key":"SkillPotion"},{"floor":2,"key":"PowerPotion"},{"floor":4,"key":"GamblersBrew"},{"floor":11,"key":"Fire Potion"},{"floor":16,"key":"SkillPotion"},{"floor":24,"key":"Dexterity Potion"},{"floor":27,"key":"Ancient Potion"},{"floor":28,"key":"CultistPotion"},{"floor":35,"key":"Explosive Potion"},{"floor":45,"key":"SteroidPotion"},{"floor":46,"key":"Swift Potion"}],"is_trial":true,"path_per_floor":["M","M","?","M","?","R","$","?","T","R","M","E","M","E","R","B",null,"M","M","M","$","?","R","M","R","T","M","M","R","E","M","R","B",null,"M","M","M","?","T","R","$","R","T","$","E","M","M","M","R","B",null],"character_chosen":"IRONCLAD","basemod:card_modifiers":[null,null,null,null,null,null,null,null,null,null,null,null,null,null,null,null,null,null,null,null,null],"items_purchased":["Feel No Pain","Medical Kit","Pen Nib","PreservedInsect","DollysMirror"],"campfire_rested":2,"item_purchase_floors":[7,21,21,21,44],"current_hp_per_floor":[80,80,85,85,64,64,64,69,69,69,75,74,80,84,84,80,90,90,90,79,79,79,79,72,72,72,77,54,54,52,40,67,57,90,74,62,62,62,62,89,89,89,96,96,94,94,94,91,91,89],"gold":185,"neow_bonus":"","is_prod":false,"is_daily":false,"rewards_skipped":[{"floor":17,"relics":[],"potions":["PowerPotion"]},{"floor":47,"relics":[],"potions":["DistilledChaos"]}],"chose_seed":false,"campfire_upgraded":8,"win_rate":0,"floor_exit_playtime":[172,199,202,228,235,252,309,400,403,416,464,537,595,639,648,777,803,856,929,1039,1076,1101,1112,1215,1230,1233,1314,1393,1403,1455,1538,1552,1707,1739,1773,1842,2363,2367,2370,2379,2398,2410,2412,2454,2586,2841,2936,3018,3027,3229],"timestamp":1678575918,"path_taken":["M","M","?","M","?","R","$","?","T","R","?","E","M","E","R","BOSS","M","M","M","$","?","R","M","R","T","M","M","R","E","M","R","BOSS","M","M","?","?","?","R","$","R","T","$","E","?","?","M","R","BOSS"],"build_version":"2022-12-18","purchased_purges":2,"victory":true,"max_hp_per_floor":[80,80,85,85,85,85,85,85,85,85,85,85,85,85,85,85,90,90,90,90,90,90,90,90,90,90,90,90,90,90,90,90,90,90,90,90,90,90,90,90,90,90,97,97,97,97,97,97,97,97],"relic_stats":{"Dream Catcher":2,"Busted Crown":16,"counters":[25,98],"Golden Idol":173,"Sundial":[68],"Bronze Scales":[299],"Tiny Chest":1,"Pen Nib":[17],"PreservedInsect":100,"Medical Kit":[6],"obtain_stats":[{"Lantern":30,"Tiny House":17,"Golden Idol":5,"Oddly Smooth Stone":26,"Pen Nib":21,"PreservedInsect":21,"Medical Kit":21,"Burning Blood":0,"Du-Vu Doll":45,"Dream Catcher":14,"Busted Crown":34,"Sundial":39,"DollysMirror":44,"Bronze Scales":9,"Strawberry":43,"Tiny Chest":12},{"Lantern":15,"Tiny House":8,"Golden Idol":3,"Oddly Smooth Stone":12,"Pen Nib":11,"PreservedInsect":11,"Medical Kit":11,"Burning Blood":0,"Du-Vu Doll":21,"Dream Catcher":7,"Busted Crown":17,"Sundial":20,"DollysMirror":20,"Bronze Scales":3,"Strawberry":20,"Tiny Chest":5},{"Lantern":52,"Tiny House":24,"Golden Idol":5,"Oddly Smooth Stone":42,"Pen Nib":37,"PreservedInsect":37,"Medical Kit":37,"Burning Blood":0,"Du-Vu Doll":81,"Dream Catcher":16,"Busted Crown":64,"Sundial":77,"DollysMirror":77,"Bronze Scales":5,"Strawberry":77,"Tiny Chest":12}],"Burning Blood":126},"card_choices":[{"not_picked":["Sword Boomerang","Trip"],"picked":"True Grit","floor":1},{"not_picked":["Pommel Strike","Wild Strike"],"picked":"Battle Trance","floor":2},{"not_picked":["Heavy Blade","Anger"],"picked":"Evolve","floor":4},{"not_picked":["Clothesline","Warcry"],"picked":"Metamorphosis","floor":11},{"not_picked":["Swift Strike","Twin Strike"],"picked":"Shockwave","floor":12},{"not_picked":["Pommel Strike","Forethought"],"picked":"Disarm","floor":13},{"not_picked":["Anger","Iron Wave","Enlightenment"],"picked":"SKIP","floor":14},{"not_picked":["Mayhem","Limit Break","Violence"],"picked":"SKIP","floor":16},{"not_picked":["Hemokinesis","Mind Blast+1","Headbutt"],"picked":"SKIP","floor":18},{"not_picked":["Headbutt","Warcry","Clothesline+1"],"picked":"SKIP","floor":19},{"not_picked":["Dramatic Entrance","Intimidate","Flame Barrier"],"picked":"SKIP","floor":20},{"not_picked":["Sever Soul","Pommel Strike"],"picked":"Deep Breath+1","floor":24},{"not_picked":["Flex","Heavy Blade","Shrug It Off"],"picked":"SKIP","floor":27},{"not_picked":["Sword Boomerang","Sadistic Nature","Clash+1"],"picked":"SKIP","floor":28},{"not_picked":["Infernal Blade","Dual Wield+1"],"picked":"Finesse+1","floor":30},{"not_picked":["Pummel","Rampage"],"picked":"Madness+1","floor":31},{"not_picked":["Double Tap","Transmutation"],"picked":"Offering","floor":33},{"not_picked":["Rupture"],"picked":"SKIP","floor":35},{"not_picked":["Armaments+1"],"picked":"SKIP","floor":36},{"not_picked":["Warcry"],"picked":"SKIP","floor":37},{"not_picked":["Reckless Charge+1"],"picked":"SKIP","floor":45},{"not_picked":["Forethought+1"],"picked":"SKIP","floor":46},{"not_picked":[],"picked":"Fire Breathing+1","floor":47},{"not_picked":["Shockwave"],"picked":"SKIP","floor":48}],"player_experience":1549587,"relics_obtained":[{"floor":9,"key":"Bronze Scales"},{"floor":12,"key":"Tiny Chest"},{"floor":14,"key":"Dream Catcher"},{"floor":26,"key":"Oddly Smooth Stone"},{"floor":30,"key":"Lantern"},{"floor":39,"key":"Sundial"},{"floor":43,"key":"Strawberry"},{"floor":45,"key":"Du-Vu Doll"}],"event_choices":[{"damage_healed":0,"gold_gain":0,"player_choice":"Donut","damage_taken":0,"max_hp_gain":5,"max_hp_loss":0,"event_name":"Big Fish","floor":3,"gold_loss":0},{"damage_healed":0,"gold_gain":0,"player_choice":"Take Damage","damage_taken":21,"relics_obtained":["Golden Idol"],"max_hp_gain":0,"max_hp_loss":0,"event_name":"Golden Idol","floor":5,"gold_loss":0},{"cards_removed":["Twin Strike"],"damage_healed":5,"gold_gain":0,"player_choice":"Offered Common","damage_taken":0,"max_hp_gain":0,"max_hp_loss":0,"event_name":"Bonfire Elementals","floor":8,"gold_loss":0},{"cards_removed":["Twin Strike"],"damage_healed":5,"gold_gain":0,"player_choice":"Offered Special","damage_taken":0,"max_hp_gain":0,"max_hp_loss":0,"event_name":"Bonfire Elementals","floor":8,"gold_loss":0},{"damage_healed":0,"gold_gain":0,"player_choice":"Cursed","damage_taken":0,"max_hp_gain":0,"max_hp_loss":0,"event_name":"Wheel of Change","floor":22,"gold_loss":0,"cards_obtained":["Decay"]},{"damage_healed":0,"gold_gain":0,"player_choice":"Ignored","damage_taken":0,"max_hp_gain":0,"max_hp_loss":0,"event_name":"Tomb of Lord Red Mask","floor":38,"gold_loss":0}],"is_beta":false,"boss_relics":[{"not_picked":["Runic Cube","Velvet Choker"],"picked":"Tiny House"},{"not_picked":["SlaversCollar","Snecko Eye"],"picked":"Busted Crown"}],"items_purged_floors":[41,44],"is_endless":false,"potions_floor_spawned":[1,2,4,11,16,24,27,28,35,45,46,47],"ascension_level":1,"potion_discard_per_floor":[[],[],[],[],[],[],[],[],[],[],["SkillPotion"],[],[],[],[],[],[],[],[],[],[],[],[],[],[],[],[],["Dexterity Potion"],[],[],[],[],[],[],[],[],[],[],[],[],[],[],[],[],[],["SteroidPotion"],[],[],[],[],[]]}