{"neow_bonuses_skipped_log":["HUNDRED_GOLD","ONE_RARE_RELIC","BOSS_RELIC"],"potions_obtained_entropic_brew":[[],[],[],[],[],[],[],[],[],[],[],[],[],[],[],[],[],[],[],[],[],[],[],[],[],[],[]],"neow_costs_skipped_log":["NONE","TEN_PERCENT_HP_LOSS","NONE"],"gold_per_floor":[109,109,129,147,197,197,228,247,270,283,310,100,133,147,147,224,224,240,253,264,189,189,189,215,215,242,242],"floor_reached":27,"playtime":1225,"items_purged":["Strike_R"],"score":556,"play_id":"8fc975e4-b317-491a-b5bc-48a2c1bd5c01","local_time":"20230311094333","score_breakdown":["Floors Climbed (27): 135","Enemies Slain (9): 18","Exordium Elites Killed (3): 30","City Elites Killed (1): 20","Bosses Slain (1): 50","Champion (1): 25","Ascension (20): 278"],"is_ascension_mode":true,"potions_obtained_alchemize":[[],[],[],[],[],[],[],[],[],[],[],[],[],[],[],[],[],[],[],[],[],[],[],[],[],[],[]],"campfire_choices":[{"data":"Uppercut","floor":6,"key":"SMITH"},{"data":"Pommel Strike","floor":15,"key":"SMITH"},{"data":"Whirlwind","floor":23,"key":"SMITH"}],"lesson_learned_per_floor":[[],[],[],[],[],[],[],[],[],[],[],[],[],[],[],[],[],[],[],[],[],[],[],[],[],[],[]],"neow_cost":"NONE","improvable_cards":{},"seed_source_timestamp":2099294216863700,"shop_contents":[{"floor":12,"relics":["Tiny Chest","Self Forming Clay","Cauldron"],"cards":["Twin Strike","Hemokinesis","Offering","Limit Break","Impatience","Sadistic Nature"],"potions":["Weak Potion","Weak Potion"]}],"circlet_count":0,"master_deck":["AscendersBane","Strike_R","Strike_R","Strike_R+1","Defend_R","Defend_R+1","Defend_R","Defend_R","Bash","Double Tap+1","Twin Strike","Uppercut+1","Shrug It Off","Spot Weakness","Offering","Metallicize","Anger","Inflame","Pummel","Pommel Strike+1","Reaper","Whirlwind+1","Intimidate","Second Wind"],"potion_use_per_floor":[[],[],[],[],[],[],[],[],[],[],["Strength Potion"],[],[],[],[],["ColorlessPotion","AttackPotion"],[],[],[],[],[],[],[],["DistilledChaos"],[],[],["BloodPotion"]],"relics":["Burning Blood","Omamori","Akabeko","MealTicket","Lantern","Philosopher\u0027s Stone","Nilry\u0027s Codex","Smiling Mask","PreservedInsect"],"potions_floor_usage":[11,16,16,24,27],"damage_taken":[{"damage":1,"enemies":"Cultist","floor":1,"turns":3},{"damage":0,"enemies":"Jaw Worm","floor":3,"turns":3},{"damage":9,"enemies":"2 Louse","floor":4,"turns":3},{"damage":19,"enemies":"Gremlin Nob","floor":7,"turns":4},{"damage":9,"enemies":"Blue Slaver","floor":8,"turns":4},{"damage":10,"enemies":"Lots of Slimes","floor":10,"turns":5},{"damage":15,"enemies":"3 Sentries","floor":11,"turns":5},{"damage":6,"enemies":"Lagavulin","floor":13,"turns":4},{"damage":1,"enemies":"Exordium Thugs","floor":14,"turns":4},{"damage":21,"enemies":"Hexaghost","floor":16,"turns":4},{"damage":18,"enemies":"2 Thieves","floor":18,"turns":4},{"damage":7,"enemies":"Chosen","floor":19,"turns":3},{"damage":19,"enemies":"Centurion and Healer","floor":20,"turns":5},{"damage":27,"enemies":"Book of Stabbing","floor":24,"turns":4},{"damage":41,"enemies":"Shelled Parasite and Fungi","floor":27,"turns":3}],"seed_played":"-691441439051141942","neow_bonus_log":{"cardsObtained":["Double Tap"],"cardsUpgraded":[],"cardsRemoved":[],"cardsTransformed":[],"relicsObtained":[],"maxHpGained":0,"goldGained":0,"damageTaken":0,"goldLost":0,"maxHpLost":0},"potions_obtained":[{"floor":7,"key":"SkillPotion"},{"floor":8,"key":"Strength Potion"},{"floor":10,"key":"AttackPotion"},{"floor":18,"key":"DistilledChaos"},{"floor":19,"key":"BloodPotion"}],"is_trial":false,"path_per_floor":["M","?","M","M","?","R","E","M","T","M","E","$","E","M","R","B",null,"M","M","M","?","?","R","E","?","T","M"],"character_chosen":"IRONCLAD","basemod:card_modifiers":[null,null,null,null,null,null,null,null,null,null,null,null,null,null,null,null,null,null,null,null,null,null,null,null],"items_purchased":["ColorlessPotion","Inflame"],"campfire_rested":0,"item_purchase_floors":[12,12],"current_hp_per_floor":[73,50,56,53,46,46,33,30,30,26,17,32,32,37,37,22,62,59,58,55,55,34,34,25,25,25,0],"gold":242,"neow_bonus":"ONE_RANDOM_RARE_CARD","is_prod":false,"is_daily":false,"rewards_skipped":[],"chose_seed":false,"campfire_upgraded":3,"win_rate":0,"floor_exit_playtime":[66,73,99,129,134,143,183,306,309,414,485,557,614,658,666,733,756,805,855,927,936,945,954,1066,1132,1134],"timestamp":1678545813,"path_taken":["M","?","M","M","?","R","E","?","T","M","E","?","E","M","R","BOSS","M","M","M","?","?","R","E","?","T","M"],"build_version":"2022-12-18","purchased_purges":1,"victory":false,"max_hp_per_floor":[75,75,75,75,75,75,75,75,75,75,75,75,75,75,75,75,75,75,75,75,75,75,75,75,75,75,75],"relic_stats":{"counters":[15,58],"Nilry\u0027s Codex":[1,2,1,2],"MealTicket":15,"PreservedInsect":0,"Omamori":0,"Smiling Mask":0,"obtain_stats":[{"Lantern":13,"Nilry\u0027s Codex":22,"MealTicket":11,"Philosopher\u0027s Stone":17,"PreservedInsect":26,"Omamori":7,"Smiling Mask":24,"Burning Blood":0,"Akabeko":9},{"Lantern":8,"Nilry\u0027s Codex":13,"MealTicket":7,"Philosopher\u0027s Stone":10,"PreservedInsect":14,"Omamori":4,"Smiling Mask":14,"Burning Blood":0,"Akabeko":5},{"Lantern":31,"Nilry\u0027s Codex":51,"MealTicket":27,"Philosopher\u0027s Stone":39,"PreservedInsect":55,"Omamori":13,"Smiling Mask":55,"Burning Blood":0,"Akabeko":17}],"Burning Blood":84},"card_choices":[{"not_picked":["Sword Boomerang","Clash"],"picked":"Twin Strike","floor":1},{"not_picked":["Fire Breathing","Sentinel"],"picked":"Uppercut","floor":3},{"not_picked":["Clash","Feel No Pain"],"picked":"Shrug It Off","floor":4},{"not_picked":["Clothesline","Wild Strike"],"picked":"Spot Weakness","floor":7},{"not_picked":["Cleave","Shrug It Off"],"picked":"Offering","floor":8},{"not_picked":["Flame Barrier","Searing Blow"],"picked":"Metallicize","floor":10},{"not_picked":["Headbutt","Blood for Blood"],"picked":"Anger","floor":11},{"not_picked":["Entrench","Battle Trance"],"picked":"Pummel","floor":13},{"not_picked":["Dropkick","Iron Wave"],"picked":"Pommel Strike","floor":14},{"not_picked":["Offering","Immolate"],"picked":"Reaper","floor":16},{"not_picked":["Thunderclap","Twin Strike+1"],"picked":"Whirlwind","floor":18},{"not_picked":["Infernal Blade+1","Twin Strike"],"picked":"Intimidate","floor":19},{"not_picked":["Wild Strike","Power Through"],"picked":"Second Wind","floor":20},{"not_picked":["Heavy Blade","Rampage","Armaments"],"picked":"SKIP","floor":24}],"player_experience":1543822,"relics_obtained":[{"floor":7,"key":"Omamori"},{"floor":9,"key":"Akabeko"},{"floor":11,"key":"MealTicket"},{"floor":13,"key":"Lantern"},{"floor":22,"key":"Nilry\u0027s Codex"},{"floor":24,"key":"Smiling Mask"},{"floor":26,"key":"PreservedInsect"}],"event_choices":[{"damage_healed":0,"gold_gain":0,"player_choice":"Entered Light","damage_taken":23,"max_hp_gain":0,"max_hp_loss":0,"event_name":"Shining Light","floor":2,"gold_loss":0,"cards_upgraded":["Defend_R","Strike_R"]},{"damage_healed":0,"gold_gain":50,"player_choice":"Touch","damage_taken":7,"max_hp_gain":0,"max_hp_loss":0,"event_name":"FaceTrader","floor":5,"gold_loss":0},{"cards_removed":["Strike_R"],"damage_healed":0,"gold_gain":0,"player_choice":"Gave Gold","damage_taken":0,"max_hp_gain":0,"max_hp_loss":0,"event_name":"Beggar","floor":21,"gold_loss":75},{"damage_healed":0,"gold_gain":0,"player_choice":"Obtained Book","damage_taken":21,"max_hp_gain":0,"max_hp_loss":0,"event_name":"Cursed Tome","floor":22,"gold_loss":0},{"damage_healed":0,"gold_gain":0,"player_choice":"Forge","damage_taken":0,"max_hp_gain":0,"max_hp_loss":0,"event_name":"Accursed Blacksmith","floor":25,"gold_loss":0,"cards_upgraded":["Double Tap"]}],"is_beta":false,"boss_relics":[{"not_picked":["Runic Dome","Runic Cube"],"picked":"Philosopher\u0027s Stone"}],"items_purged_floors":[12],"is_endless":false,"potions_floor_spawned":[7,8,10,18,19],"killed_by":"Shelled Parasite and Fungi","ascension_level":20,"potion_discard_per_floor":[[],[],[],[],[],[],[],[],[],["SkillPotion"],[],[],[],[],[],[],[],[],[],[],[],[],[],[],[],[],[]]}