{"neow_bonuses_skipped_log":["THREE_CARDS","TEN_PERCENT_HP_BONUS","BOSS_RELIC"],"neow_costs_skipped_log":["NONE","NONE","NONE"],"potions_obtained_entropic_brew":[[],[],[],[],[],[],[],[],[],[]],"gold_per_floor":[109,119,119,131,143,143,171,198,198,198],"floor_reached":10,"playtime":321,"items_purged":[],"score":116,"play_id":"a677f92c-ceff-4557-88d4-291e15b11c1f","local_time":"20230321220219","score_breakdown":["Floors Climbed (10): 50","Enemies Slain (4): 8","Exordium Elites Killed (0): 0","Bosses Slain (0): 0","Ascension (20): 58"],"is_ascension_mode":true,"potions_obtained_alchemize":[[],[],[],[],[],[],[],[],[],[]],"campfire_choices":[{"data":"Pommel Strike","floor":6,"key":"SMITH"}],"lesson_learned_per_floor":[[],[],[],[],[],[],[],[],[],[]],"neow_cost":"PERCENT_DAMAGE","improvable_cards":{},"seed_source_timestamp":3004914486148600,"shop_contents":[],"circlet_count":0,"master_deck":["AscendersBane","Strike_R","Strike_R","Strike_R","Strike_R","Strike_R","Defend_R","Defend_R","Defend_R","Defend_R","Bash","Metamorphosis","Shrug It Off","Pommel Strike+1","Anger","Power Through"],"potion_use_per_floor":[[],[],[],[],[],[],["AttackPotion"],[],[],[]],"relics":["Burning Blood","Bag of Preparation","Odd Mushroom","Toy Ornithopter","Gremlin Horn"],"potions_floor_usage":[7],"damage_taken":[{"damage":16,"enemies":"2 Louse","floor":1,"turns":4},{"damage":9,"enemies":"Jaw Worm","floor":2,"turns":4},{"damage":5,"enemies":"Small Slimes","floor":4,"turns":7},{"damage":5,"enemies":"Exordium Thugs","floor":5,"turns":4},{"damage":1,"enemies":"The Mushroom Lair","floor":7,"turns":4},{"damage":33,"enemies":"Lagavulin","floor":10,"turns":8}],"seed_played":"7291795172177150027","neow_bonus_log":{"cardsObtained":[],"cardsUpgraded":[],"cardsRemoved":[],"cardsTransformed":[],"relicsObtained":[],"maxHpGained":0,"goldGained":0,"damageTaken":18,"goldLost":0,"maxHpLost":0},"potions_obtained":[{"floor":2,"key":"AttackPotion"},{"floor":7,"key":"ElixirPotion"}],"is_trial":false,"path_per_floor":["M","M","?","M","M","R","?","T","T","E"],"character_chosen":"IRONCLAD","basemod:card_modifiers":[null,null,null,null,null,null,null,null,null,null,null,null,null,null,null,null],"items_purchased":[],"campfire_rested":0,"item_purchase_floors":[],"current_hp_per_floor":[40,37,26,27,28,28,33,33,33,0],"gold":198,"neow_bonus":"RANDOM_COLORLESS_2","is_prod":false,"is_daily":false,"rewards_skipped":[],"chose_seed":false,"campfire_upgraded":1,"win_rate":0,"floor_exit_playtime":[68,93,96,144,183,191,254,256,260],"timestamp":1679450539,"path_taken":["M","M","?","M","M","R","?","?","T","E"],"build_version":"2022-12-18","purchased_purges":0,"victory":false,"max_hp_per_floor":[75,75,75,75,75,75,75,75,75,75],"relic_stats":{"Gremlin Horn":[0,0],"counters":[6,31],"Bag of Preparation":[8],"obtain_stats":[{"Gremlin Horn":9,"Bag of Preparation":3,"Odd Mushroom":7,"Burning Blood":0,"Toy Ornithopter":8},{"Gremlin Horn":5,"Bag of Preparation":2,"Odd Mushroom":5,"Burning Blood":0,"Toy Ornithopter":5},{"Gremlin Horn":23,"Bag of Preparation":8,"Odd Mushroom":23,"Burning Blood":0,"Toy Ornithopter":23}],"Burning Blood":30,"Toy Ornithopter":0},"card_choices":[{"not_picked":["Thinking Ahead","Transmutation"],"picked":"Metamorphosis","floor":0},{"not_picked":["Body Slam","Havoc","Sword Boomerang"],"picked":"SKIP","floor":1},{"not_picked":["Wild Strike","True Grit"],"picked":"Shrug It Off","floor":2},{"not_picked":["Rage","Armaments"],"picked":"Pommel Strike","floor":4},{"not_picked":["Intimidate","Shrug It Off"],"picked":"Anger","floor":5},{"not_picked":["Wild Strike","Anger"],"picked":"Power Through","floor":7}],"player_experience":1607586,"relics_obtained":[{"floor":7,"key":"Odd Mushroom"},{"floor":8,"key":"Toy Ornithopter"},{"floor":9,"key":"Gremlin Horn"}],"event_choices":[{"damage_healed":0,"gold_gain":0,"player_choice":"Success","damage_taken":11,"relics_obtained":["Bag of Preparation"],"max_hp_gain":0,"max_hp_loss":0,"event_name":"Scrap Ooze","floor":3,"gold_loss":0},{"damage_healed":0,"gold_gain":0,"player_choice":"Fought Mushrooms","damage_taken":0,"max_hp_gain":0,"max_hp_loss":0,"event_name":"Mushrooms","floor":7,"gold_loss":0}],"is_beta":false,"boss_relics":[],"items_purged_floors":[],"is_endless":false,"potions_floor_spawned":[2,7],"killed_by":"Lagavulin","ascension_level":20,"potion_discard_per_floor":[[],[],[],[],[],[],[],[],[],[]]}