{"neow_bonuses_skipped_log":["TEN_PERCENT_HP_BONUS","THREE_RARE_CARDS","BOSS_RELIC"],"neow_costs_skipped_log":["NONE","CURSE","NONE"],"potions_obtained_entropic_brew":[[],[],[],[],[],[],[],[],[],[],[],[],[],[],[],[],[],[],[],[],[],[],[],[],[],[],[],[],[],[],[],[],[]],"gold_per_floor":[114,114,114,114,133,133,169,187,242,242,281,281,281,319,319,415,415,434,21,37,37,37,37,57,100,100,25,25,39,39,39,39,39],"floor_reached":33,"playtime":969,"items_purged":["Strike_R"],"score":658,"play_id":"ddc053ee-998d-4d29-a849-8e40f13292df","local_time":"20230321221836","score_breakdown":["Floors Climbed (33): 165","Enemies Slain (7): 14","Exordium Elites Killed (3): 30","City Elites Killed (1): 20","Bosses Slain (1): 50","Perfect (1): 50","Ascension (20): 329"],"is_ascension_mode":true,"potions_obtained_alchemize":[[],[],[],[],[],[],[],[],[],[],[],[],[],[],[],[],[],[],[],[],[],[],[],[],[],[],[],[],[],[],[],[],[]],"campfire_choices":[{"data":"Blood for Blood","floor":6,"key":"SMITH"},{"data":"Cleave","floor":10,"key":"SMITH"},{"data":"Hemokinesis","floor":12,"key":"SMITH"},{"data":"Brutality","floor":15,"key":"SMITH"},{"data":"Enlightenment","floor":23,"key":"SMITH"},{"floor":28,"key":"REST"},{"data":"Limit Break","floor":30,"key":"SMITH"},{"data":"Demon Form","floor":32,"key":"SMITH"}],"lesson_learned_per_floor":[[],[],[],[],[],[],[],[],[],[],[],[],[],[],[],[],[],[],[],[],[],[],[],[],[],[],[],[],[],[],[],[],[]],"neow_cost":"NONE","improvable_cards":{},"seed_source_timestamp":3005250790724800,"shop_contents":[{"floor":19,"relics":["Art of War","Singing Bowl"],"cards":["Carnage","Bloodletting","Rage","Evolve","Trip","Metamorphosis"],"potions":["SteroidPotion","Fire Potion","EntropicBrew"]},{"floor":21,"relics":["Lantern","Champion Belt","HandDrill"],"cards":["Hemokinesis","Sword Boomerang","Intimidate","Havoc","Inflame","Purity","Panache"],"potions":["Dexterity Potion","Energy Potion","CultistPotion"]},{"floor":27,"relics":["Pen Nib","Mercury Hourglass","Toolbox"],"cards":["Twin Strike","Feed","Ghostly Armor","Combust","Bandage Up","Secret Weapon"],"potions":["Regen Potion","BlessingOfTheForge","Energy Potion"]}],"circlet_count":0,"master_deck":["AscendersBane","Strike_R","Strike_R","Defend_R","Defend_R","Defend_R","Defend_R","Bash","Enlightenment+1","Blood for Blood+1","Battle Trance","Iron Wave","Cleave+1","Hemokinesis+1","True Grit","Brutality+1","Demon Form+1","Armaments+1","Heavy Blade+1","Limit Break+1","Pommel Strike","Uppercut","Bludgeon","Power Through","Flame Barrier"],"potion_use_per_floor":[[],[],[],[],[],[],[],[],[],[],["LiquidMemories"],[],[],[],[],[],[],["SpeedPotion"],[],[],[],[],[],[],["Swift Potion"],[],[],[],[],[],[],[],["Weak Potion"]],"relics":["Burning Blood","Bloody Idol","Vajra","Anchor","Blood Vial","Orichalcum","Runic Cube","Orrery","Nunchaku","Shuriken"],"potions_floor_usage":[11,18,25,33],"damage_taken":[{"damage":4,"enemies":"Small Slimes","floor":1,"turns":3},{"damage":7,"enemies":"Jaw Worm","floor":5,"turns":3},{"damage":25,"enemies":"Lagavulin","floor":7,"turns":7},{"damage":0,"enemies":"2 Louse","floor":8,"turns":3},{"damage":5,"enemies":"3 Sentries","floor":11,"turns":6},{"damage":22,"enemies":"Lagavulin","floor":14,"turns":6},{"damage":4,"enemies":"Slime Boss","floor":16,"turns":3},{"damage":7,"enemies":"Chosen","floor":18,"turns":5},{"damage":22,"enemies":"Shell Parasite","floor":20,"turns":4},{"damage":3,"enemies":"Centurion and Healer","floor":24,"turns":4},{"damage":39,"enemies":"Slavers","floor":25,"turns":6},{"damage":20,"enemies":"Sentry and Sphere","floor":29,"turns":5},{"damage":32,"enemies":"Collector","floor":33,"turns":4}],"seed_played":"6297425962087527985","neow_bonus_log":{"cardsObtained":[],"cardsUpgraded":[],"cardsRemoved":[],"cardsTransformed":[],"relicsObtained":[],"maxHpGained":0,"goldGained":0,"damageTaken":0,"goldLost":0,"maxHpLost":0},"potions_obtained":[{"floor":1,"key":"LiquidMemories"},{"floor":8,"key":"SpeedPotion"},{"floor":11,"key":"Swift Potion"},{"floor":20,"key":"SmokeBomb"},{"floor":25,"key":"Weak Potion"},{"floor":29,"key":"FearPotion"}],"is_trial":false,"path_per_floor":["M","?","?","?","M","R","E","M","T","R","E","R","?","E","R","B",null,"M","$","M","$","?","R","M","E","T","$","R","M","R","?","R","B"],"character_chosen":"IRONCLAD","basemod:card_modifiers":[null,null,null,null,null,null,null,null,null,null,null,null,null,null,null,null,null,null,null,null,null,null,null,null,null],"items_purchased":["Orrery","Bludgeon","Flame Barrier"],"campfire_rested":1,"item_purchase_floors":[19,19,27],"current_hp_per_floor":[70,68,61,61,60,60,41,47,47,47,48,48,48,34,34,38,61,62,62,48,48,48,48,53,22,22,22,42,30,30,30,30,0],"gold":39,"neow_bonus":"RANDOM_COLORLESS","is_prod":false,"is_daily":false,"rewards_skipped":[],"chose_seed":false,"campfire_upgraded":7,"win_rate":0,"floor_exit_playtime":[48,51,59,65,87,92,160,180,182,194,266,273,279,329,334,397,411,493,558,630,637,640,647,691,797,800,810,815,901,911,914,922],"timestamp":1679451516,"path_taken":["M","?","?","?","M","R","E","?","T","R","E","R","?","E","R","BOSS","M","$","M","?","?","R","M","E","T","$","R","M","R","?","R","BOSS"],"build_version":"2022-12-18","purchased_purges":1,"victory":false,"max_hp_per_floor":[75,68,68,68,68,68,68,68,68,68,68,68,68,68,68,68,68,68,68,68,68,68,68,68,68,68,68,68,68,68,68,68,68],"relic_stats":{"Blood Vial":16,"Nunchaku":[1],"counters":[13,58],"Shuriken":[2],"Bloody Idol":0,"Orichalcum":[36],"obtain_stats":[{"Blood Vial":11,"Anchor":9,"Nunchaku":25,"Golden Idol":2,"Shuriken":26,"Bloody Idol":31,"Vajra":7,"Orrery":19,"Orichalcum":14,"Burning Blood":0,"Runic Cube":17},{"Blood Vial":5,"Anchor":4,"Nunchaku":11,"Golden Idol":1,"Shuriken":11,"Bloody Idol":12,"Vajra":3,"Orrery":8,"Orichalcum":6,"Burning Blood":0,"Runic Cube":7},{"Blood Vial":22,"Anchor":16,"Nunchaku":50,"Golden Idol":3,"Shuriken":50,"Bloody Idol":55,"Vajra":13,"Orrery":36,"Orichalcum":28,"Burning Blood":0,"Runic Cube":31}],"Burning Blood":72,"Runic Cube":[38]},"card_choices":[{"not_picked":["Forethought","Purity"],"picked":"Enlightenment","floor":0},{"not_picked":["Armaments","Searing Blow"],"picked":"Blood for Blood","floor":1},{"not_picked":["Pommel Strike","Infernal Blade"],"picked":"Battle Trance","floor":5},{"not_picked":["Thunderclap","Havoc"],"picked":"Iron Wave","floor":7},{"not_picked":["Battle Trance","Shrug It Off"],"picked":"Cleave","floor":8},{"not_picked":["Dual Wield","Metallicize"],"picked":"Hemokinesis","floor":11},{"not_picked":["Havoc","Pommel Strike"],"picked":"Brutality","floor":14},{"not_picked":["Berserk","Exhume"],"picked":"Demon Form","floor":16},{"not_picked":["Feel No Pain","Battle Trance+1"],"picked":"Armaments+1","floor":18},{"not_picked":["Perfected Strike","Headbutt"],"picked":"Heavy Blade+1","floor":19},{"not_picked":["Iron Wave","Pommel Strike"],"picked":"Limit Break","floor":19},{"not_picked":["Dropkick","Warcry"],"picked":"Pommel Strike","floor":19},{"not_picked":["Sword Boomerang","Clothesline"],"picked":"Uppercut","floor":19},{"not_picked":["Sever Soul","Armaments+1","Second Wind"],"picked":"SKIP","floor":19},{"not_picked":["Cleave","Havoc"],"picked":"Power Through","floor":20},{"not_picked":["Twin Strike","Wild Strike","Searing Blow"],"picked":"SKIP","floor":24},{"not_picked":["Flex","Thunderclap","Bloodletting"],"picked":"SKIP","floor":25},{"not_picked":["Clash","Wild Strike","Thunderclap"],"picked":"SKIP","floor":29}],"player_experience":1607907,"relics_obtained":[{"floor":7,"key":"Vajra"},{"floor":9,"key":"Anchor"},{"floor":11,"key":"Blood Vial"},{"floor":14,"key":"Orichalcum"},{"floor":25,"key":"Nunchaku"},{"floor":26,"key":"Shuriken"}],"event_choices":[{"damage_healed":0,"gold_gain":0,"player_choice":"Lose Max HP","damage_taken":0,"relics_obtained":["Golden Idol"],"max_hp_gain":0,"max_hp_loss":7,"event_name":"Golden Idol","floor":2,"gold_loss":0},{"cards_removed":["Strike_R"],"damage_healed":0,"gold_gain":0,"player_choice":"Card Removal","damage_taken":7,"max_hp_gain":0,"max_hp_loss":0,"event_name":"Golden Wing","floor":3,"gold_loss":0},{"damage_healed":0,"gold_gain":0,"player_choice":"Ignored","damage_taken":0,"max_hp_gain":0,"max_hp_loss":0,"event_name":"Liars Game","floor":4,"gold_loss":0},{"damage_healed":0,"gold_gain":0,"cards_transformed":["Strike_R"],"player_choice":"Transformed","damage_taken":0,"max_hp_gain":0,"max_hp_loss":0,"event_name":"Transmorgrifier","floor":13,"gold_loss":0,"cards_obtained":["True Grit"]},{"damage_healed":0,"gold_gain":0,"player_choice":"Ignored","damage_taken":0,"max_hp_gain":0,"max_hp_loss":0,"event_name":"Ghosts","floor":22,"gold_loss":0},{"damage_healed":0,"gold_gain":0,"player_choice":"Gave Idol","damage_taken":0,"relics_obtained":["Bloody Idol"],"max_hp_gain":0,"max_hp_loss":0,"event_name":"Forgotten Altar","floor":31,"relics_lost":["Golden Idol"],"gold_loss":0}],"is_beta":false,"boss_relics":[{"not_picked":["Philosopher\u0027s Stone","Mark of Pain"],"picked":"Runic Cube"}],"items_purged_floors":[19],"is_endless":false,"potions_floor_spawned":[1,8,11,20,25,29],"killed_by":"Collector","ascension_level":20,"potion_discard_per_floor":[[],[],[],[],[],[],[],[],[],[],[],[],[],[],[],[],[],[],[],[],[],[],[],[],[],[],[],[],["SmokeBomb"],[],[],[],[]]}