{"neow_bonuses_skipped_log":["THREE_SMALL_POTIONS","RANDOM_COLORLESS_2","BOSS_RELIC"],"neow_costs_skipped_log":["NONE","CURSE","NONE"],"potions_obtained_entropic_brew":[[],[],[],[],[],[],[],[],[],[],[],[],[],[],[],[],[],[],[],[],[],[],[],[],[],[],[],[],[],[],[],[],[]],"gold_per_floor":[114,128,128,128,143,143,186,206,276,351,386,14,14,35,35,131,131,150,170,170,184,184,184,224,243,317,51,51,70,90,133,133,133],"floor_reached":33,"playtime":1594,"items_purged":[],"score":594,"play_id":"49728e23-cdb6-40c2-bc76-9b980377c2e1","local_time":"20230316174256","score_breakdown":["Floors Climbed (33): 165","Enemies Slain (11): 22","Exordium Elites Killed (2): 20","City Elites Killed (2): 40","Bosses Slain (1): 50","Ascension (20): 297"],"is_ascension_mode":true,"potions_obtained_alchemize":[[],[],[],[],[],[],[],[],[],[],[],[],[],[],[],[],[],[],[],[],[],[],[],[],[],[],[],[],[],[],[],[],[]],"campfire_choices":[{"data":"Dramatic Entrance","floor":6.0,"key":"SMITH"},{"data":"Combust","floor":13.0,"key":"SMITH"},{"data":"Rupture","floor":15.0,"key":"SMITH"},{"data":"Fiend Fire","floor":23.0,"key":"SMITH"},{"floor":28.0,"key":"REST"},{"floor":32.0,"key":"REST"}],"lesson_learned_per_floor":[[],[],[],[],[],[],[],[],[],[],[],[],[],[],[],[],[],[],[],[],[],[],[],[],[],[],[],[],[],[],[],[],[]],"neow_cost":"NONE","improvable_cards":{},"seed_source_timestamp":0,"shop_contents":[{"floor":12,"relics":["Juzu Bracelet","Lee\u0027s Waffle"],"cards":["Wild Strike","Rampage","Flame Barrier","Shrug It Off","Good Instincts","Metamorphosis"],"potions":["SmokeBomb","ColorlessPotion","Fire Potion"]},{"floor":27,"relics":["Turnip","Frozen Eye"],"cards":["Wild Strike","Thunderclap","Second Wind","Flex","Dark Embrace","PanicButton","Secret Technique"],"potions":["Fire Potion","Block Potion","BloodPotion"]}],"circlet_count":0,"master_deck":["AscendersBane","Strike_R","Strike_R","Strike_R","Strike_R","Defend_R","Defend_R","Defend_R","Defend_R","Bash","Dramatic Entrance+1","Headbutt","Inflame","Clothesline","Offering","Combust+1","Dark Embrace","Rupture+1","Fiend Fire+1","Ghostly","Ghostly","Ghostly","Flame Barrier","Armaments","Warcry+1","True Grit","Flame Barrier","Feed"],"special_seed":0,"potion_use_per_floor":[[],[],[],[],[],[],[],[],[],[],["Swift Potion","BlessingOfTheForge"],[],[],[],[],[],[],[],[],[],[],[],[],["BloodPotion"],[],[],[],[],[],[],["Swift Potion"],[],["Swift Potion"]],"relics":["Burning Blood","Golden Idol","Du-Vu Doll","StrikeDummy","Boot","Kunai","Snecko Eye","Bag of Preparation","Sundial","Mercury Hourglass","Mummified Hand"],"potions_floor_usage":[33],"damage_taken":[{"damage":10.0,"enemies":"Small Slimes","floor":1.0,"turns":3.0},{"damage":7.0,"enemies":"Jaw Worm","floor":2.0,"turns":4.0},{"damage":0.0,"enemies":"2 Louse","floor":5.0,"turns":2.0},{"damage":25.0,"enemies":"3 Sentries","floor":7.0,"turns":8.0},{"damage":8.0,"enemies":"Looter","floor":8.0,"turns":3.0},{"damage":10.0,"enemies":"Gremlin Nob","floor":11.0,"turns":3.0},{"damage":0.0,"enemies":"Exordium Thugs","floor":14.0,"turns":2.0},{"damage":22.0,"enemies":"Slime Boss","floor":16.0,"turns":7.0},{"damage":15.0,"enemies":"2 Thieves","floor":18.0,"turns":2.0},{"damage":23.0,"enemies":"Shell Parasite","floor":19.0,"turns":4.0},{"damage":5.0,"enemies":"Snake Plant","floor":21.0,"turns":4.0},{"damage":27.0,"enemies":"Slavers","floor":24.0,"turns":6.0},{"damage":6.0,"enemies":"Cultist and Chosen","floor":25.0,"turns":5.0},{"damage":4.0,"enemies":"Centurion and Healer","floor":29.0,"turns":9.0},{"damage":6.0,"enemies":"Snake Plant","floor":30.0,"turns":3.0},{"damage":19.0,"enemies":"Book of Stabbing","floor":31.0,"turns":6.0},{"damage":49,"enemies":"Automaton","floor":33,"turns":6}],"seed_played":"-3788570342719735911","neow_bonus_log":{"cardsObtained":[],"cardsUpgraded":[],"cardsRemoved":[],"cardsTransformed":[],"relicsObtained":[],"maxHpGained":0,"goldGained":0,"damageTaken":0,"goldLost":0,"maxHpLost":0},"potions_obtained":[{"floor":1.0,"key":"Swift Potion"},{"floor":7.0,"key":"BlessingOfTheForge"},{"floor":19.0,"key":"Ancient Potion"},{"floor":21.0,"key":"BloodPotion"},{"floor":29.0,"key":"ElixirPotion"},{"floor":30.0,"key":"Swift Potion"},{"floor":31.0,"key":"Swift Potion"}],"is_trial":false,"path_per_floor":["M","M","?","?","M","R","E","M","T","?","E","$","R","M","R","B",null,"M","M","?","M","?","R","E","M","T","$","R","M","M","E","R","B"],"character_chosen":"IRONCLAD","basemod:card_modifiers":[null,null,null,null,null,null,null,null,null,null,null,null,null,null,null,null,null,null,null,null,null,null,null,null,null,null,null,null],"items_purchased":["Kunai","Dark Embrace","Mercury Hourglass"],"campfire_rested":2,"item_purchase_floors":[12,12,27],"current_hp_per_floor":[64,63,56,56,62,62,43,41,41,30,26,26,26,32,32,16,55,46,29,29,30,24,24,9,9,9,9,19,21,21,8,18,0],"gold":133,"neow_bonus":"RANDOM_COLORLESS","is_prod":false,"is_daily":false,"rewards_skipped":[{"floor":8,"relics":[],"potions":["SneckoOil"]}],"chose_seed":false,"campfire_upgraded":4,"win_rate":0,"floor_exit_playtime":[111,161,168,172,213,222,301,371,374,377,426,483,490,524,530,661,688,734,796,804,853,859,869,978,1046,1049,1075,1079,1192,1252,1339,1343],"timestamp":1679002976,"path_taken":["M","M","?","?","M","R","E","M","T","?","E","$","R","M","R","BOSS","M","M","?","M","?","R","E","M","T","$","R","M","M","E","R","BOSS"],"build_version":"2022-12-18","purchased_purges":0,"victory":false,"max_hp_per_floor":[75,75,75,68,68,68,68,68,68,68,68,68,68,68,68,68,68,68,68,34,34,34,34,34,34,34,34,34,34,34,34,34,34],"relic_stats":{"counters":[17,77],"Golden Idol":86,"Sundial":[6],"Mummified Hand":[9],"Snecko Eye":[92,82,76,96,-128],"Bag of Preparation":[10],"Kunai":[8],"Boot":[5],"obtain_stats":[{"Du-Vu Doll":7,"Golden Idol":4,"Sundial":26,"Mummified Hand":31,"Snecko Eye":17,"Bag of Preparation":24,"Kunai":12,"StrikeDummy":9,"Boot":11,"Burning Blood":0,"Mercury Hourglass":27},{"Du-Vu Doll":4,"Golden Idol":2,"Sundial":13,"Mummified Hand":16,"Snecko Eye":8,"Bag of Preparation":12,"Kunai":6,"StrikeDummy":5,"Boot":6,"Burning Blood":0,"Mercury Hourglass":13},{"Du-Vu Doll":17,"Golden Idol":7,"Sundial":53,"Mummified Hand":71,"Snecko Eye":32,"Bag of Preparation":48,"Kunai":23,"StrikeDummy":20,"Boot":23,"Burning Blood":0,"Mercury Hourglass":53}],"Burning Blood":96,"Mercury Hourglass":[93]},"card_choices":[{"not_picked":["Forethought","Dark Shackles"],"picked":"Dramatic Entrance","floor":0.0},{"not_picked":["Iron Wave","Seeing Red"],"picked":"Headbutt","floor":1.0},{"not_picked":["Clothesline","Thunderclap"],"picked":"Inflame","floor":2.0},{"not_picked":["Rupture","Heavy Blade"],"picked":"Clothesline","floor":5.0},{"not_picked":["Evolve","Havoc"],"picked":"Offering","floor":7.0},{"not_picked":["Seeing Red","Flex"],"picked":"Combust","floor":8.0},{"not_picked":["Flex","Pummel","Searing Blow"],"picked":"SKIP","floor":11.0},{"not_picked":["Perfected Strike","Reckless Charge"],"picked":"Rupture","floor":14.0},{"not_picked":["Exhume","Limit Break"],"picked":"Fiend Fire","floor":16.0},{"not_picked":["Fire Breathing","Clothesline","Intimidate"],"picked":"SKIP","floor":18.0},{"not_picked":["Dropkick","Perfected Strike+1","Sword Boomerang"],"picked":"SKIP","floor":19.0},{"not_picked":["Cleave+1","Flex"],"picked":"Flame Barrier","floor":21.0},{"not_picked":["Wild Strike","Pommel Strike"],"picked":"Armaments","floor":24.0},{"not_picked":["Thunderclap","Iron Wave"],"picked":"Warcry+1","floor":25.0},{"not_picked":["Twin Strike","Cleave"],"picked":"True Grit","floor":29.0},{"not_picked":["Uppercut","Flex"],"picked":"Flame Barrier","floor":30.0},{"not_picked":["Sentinel","Clash+1"],"picked":"Feed","floor":31.0}],"player_experience":1588030,"relics_obtained":[{"floor":7.0,"key":"Du-Vu Doll"},{"floor":9.0,"key":"StrikeDummy"},{"floor":11.0,"key":"Boot"},{"floor":24.0,"key":"Bag of Preparation"},{"floor":26.0,"key":"Sundial"},{"floor":31.0,"key":"Mummified Hand"}],"event_choices":[{"cards_removed":["Strike_R"],"damage_healed":0.0,"max_hp_gain":0.0,"max_hp_loss":0.0,"gold_gain":0.0,"event_name":"Golden Wing","player_choice":"Card Removal","floor":3.0,"gold_loss":0.0,"damage_taken":7.0},{"damage_healed":0.0,"max_hp_gain":0.0,"max_hp_loss":7.0,"gold_gain":0.0,"event_name":"Golden Idol","player_choice":"Lose Max HP","floor":4.0,"gold_loss":0.0,"damage_taken":0.0,"relics_obtained":["Golden Idol"]},{"damage_healed":0.0,"max_hp_gain":0.0,"max_hp_loss":0.0,"gold_gain":75.0,"event_name":"World of Goop","player_choice":"Gather Gold","floor":10.0,"gold_loss":0.0,"damage_taken":11.0},{"damage_healed":0.0,"max_hp_gain":0.0,"max_hp_loss":34.0,"gold_gain":0.0,"event_name":"Ghosts","player_choice":"Became a Ghost","floor":20.0,"gold_loss":0.0,"damage_taken":0.0,"cards_obtained":["Ghostly","Ghostly","Ghostly"]},{"damage_healed":0.0,"max_hp_gain":0.0,"max_hp_loss":0.0,"gold_gain":0.0,"event_name":"Knowing Skull","player_choice":"","floor":22.0,"potions_obtained":[],"gold_loss":0.0,"damage_taken":6.0,"cards_obtained":[]}],"is_beta":false,"boss_relics":[{"not_picked":["Ectoplasm","Black Blood"],"picked":"Snecko Eye"}],"items_purged_floors":[],"is_endless":false,"potions_floor_spawned":[1,7,8,19,21,29,30,31],"killed_by":"Automaton","ascension_level":20,"potion_discard_per_floor":[[],[],[],[],[],[],[],[],[],[],[],[],[],[],[],[],[],[],[],[],[],[],[],[],[],[],[],[],[],["ElixirPotion"],[],[],[]]}