{"neow_bonuses_skipped_log":["THREE_ENEMY_KILL","TWENTY_PERCENT_HP_BONUS","BOSS_RELIC"],"potions_obtained_entropic_brew":[[],[],[],[],[],[],[],[],[],[],[],[],[],[],[],[],[],[],[],[],[],[],[],[],[],[],[],[],[],[],[],[],[],[],[],[],[],[],[],[],[],[],[],[],[],[],[],[],[],[],[],[],[],[],[],[]],"neow_costs_skipped_log":["NONE","NO_GOLD","NONE"],"gold_per_floor":[111,36,51,51,71,71,403,420,420,430,459,534,559,593,593,665,665,675,675,688,688,2,27,37,55,80,115,115,148,148,167,167,238,238,253,253,278,278,298,298,314,344,344,364,364,69,95,107,107,107,107,107,107,11,45,45],"floor_reached":56,"playtime":4611,"items_purged":["Strike_R","Strike_R"],"score":2070,"play_id":"48ade352-3f72-4885-9e7a-123335fca6dc","local_time":"20230408143800","score_breakdown":["Floors Climbed (56): 280","Enemies Slain (15): 30","Exordium Elites Killed (3): 30","City Elites Killed (3): 60","Beyond Elites Killed (2): 60","Bosses Slain (4): 500","Money Money (1158): 25","Librarian: 25","Stuffed: 50","Champion (1): 25","Ascension (20): 985"],"is_ascension_mode":true,"potions_obtained_alchemize":[[],[],[],[],[],[],[],[],[],[],[],[],[],[],[],[],[],[],[],[],[],[],[],[],[],[],[],[],[],[],[],[],[],[],[],[],[],[],[],[],[],[],[],[],[],[],[],[],[],[],[],[],[],[],[],[]],"campfire_choices":[{"data":"Armaments","floor":6,"key":"SMITH"},{"data":"Whirlwind","floor":15,"key":"SMITH"},{"data":"True Grit","floor":28,"key":"SMITH"},{"data":"Dual Wield","floor":30,"key":"SMITH"},{"floor":32,"key":"REST"},{"floor":40,"key":"RECALL"},{"floor":49,"key":"REST"},{"floor":53,"key":"REST"}],"lesson_learned_per_floor":[[],[],[],[],[],[],[],[],[],[],[],[],[],[],[],[],[],[],[],[],[],[],[],[],[],[],[],[],[],[],[],[],[],[],[],[],[],[],[],[],[],[],[],[],[],[],[],[],[],[],[],[],[],[],[],[]],"neow_cost":"NONE","improvable_cards":{},"seed_source_timestamp":643036115957700,"shop_contents":[{"floor":22,"relics":[],"cards":["Heavy Blade","Twin Strike","Flex","True Grit","Blind","Secret Weapon"],"potions":["SneckoOil","Dexterity Potion"]},{"floor":46,"relics":["Anchor","Self Forming Clay","Sling"],"cards":["Sword Boomerang","Clothesline","Armaments","Juggernaut","Metamorphosis"],"potions":["ColorlessPotion","SkillPotion","SkillPotion"]},{"floor":54,"relics":["Calipers","Paper Frog","Membership Card"],"cards":["Cleave+1","Immolate+1","Offering","Flex","Impatience","Apotheosis"],"potions":["Block Potion","FearPotion"]}],"circlet_count":0,"master_deck":["AscendersBane","Strike_R","Defend_R","Defend_R","Defend_R","Bash","Armaments+1","Flex","Burning Pact","Sword Boomerang","Whirlwind+1","Evolve","Anger","Headbutt+1","Feed+1","Disarm","Pommel Strike","Blood for Blood","Inflame","Dual Wield+1","Second Wind+1","True Grit+1","Pommel Strike+1","Shrug It Off+1","Berserk","Panacea","Dark Shackles","Seeing Red","Reaper","Headbutt+1","Discovery","Bloodletting","Inflame+1","Dark Embrace","Armaments+1"],"potion_use_per_floor":[[],[],[],[],[],[],["DistilledChaos"],[],[],[],["BloodPotion"],[],[],[],[],[],[],["SkillPotion"],[],[],[],[],["Strength Potion","FearPotion"],[],[],[],["ColorlessPotion"],[],["EssenceOfSteel"],[],[],[],[],[],[],[],[],[],[],[],[],["Swift Potion","DuplicationPotion"],[],[],[],[],["Weak Potion"],[],[],["Regen Potion"],["LiquidMemories"],[],[],[],["BloodPotion"],["Weak Potion"]],"relics":["Burning Blood","Pen Nib","Old Coin","Meat on the Bone","Incense Burner","Odd Mushroom","Potion Belt","Runic Pyramid","PreservedInsect","Vajra","Lee\u0027s Waffle","Toy Ornithopter","Whetstone","MealTicket","Centennial Puzzle","Fusion Hammer","Unceasing Top","Regal Pillow","Molten Egg 2","FossilizedHelix"],"potions_floor_usage":[7,11,18,23,23,27,29,42,42,47,50,51,55,56],"damage_taken":[{"damage":7,"enemies":"Cultist","floor":1,"turns":4},{"damage":15,"enemies":"Small Slimes","floor":3,"turns":5},{"damage":2,"enemies":"Jaw Worm","floor":5,"turns":3},{"damage":39,"enemies":"Gremlin Nob","floor":7,"turns":4},{"damage":2,"enemies":"Looter","floor":8,"turns":5},{"damage":5,"enemies":"Gremlin Gang","floor":10,"turns":3},{"damage":19,"enemies":"Lagavulin","floor":11,"turns":6},{"damage":14,"enemies":"The Mushroom Lair","floor":13,"turns":4},{"damage":5,"enemies":"3 Sentries","floor":14,"turns":5},{"damage":11,"enemies":"Slime Boss","floor":16,"turns":8},{"damage":17,"enemies":"Chosen","floor":18,"turns":5},{"damage":35,"enemies":"3 Byrds","floor":20,"turns":7},{"damage":23,"enemies":"Slavers","floor":23,"turns":4},{"damage":30,"enemies":"Sentry and Sphere","floor":24,"turns":6},{"damage":15,"enemies":"Centurion and Healer","floor":25,"turns":6},{"damage":0,"enemies":"Gremlin Leader","floor":27,"turns":3},{"damage":65,"enemies":"Slavers","floor":29,"turns":5},{"damage":4,"enemies":"Cultist and Chosen","floor":31,"turns":6},{"damage":69,"enemies":"Automaton","floor":33,"turns":9},{"damage":10,"enemies":"Orb Walker","floor":35,"turns":4},{"damage":20,"enemies":"Mind Bloom Boss Battle","floor":37,"turns":7},{"damage":7,"enemies":"3 Shapes","floor":39,"turns":7},{"damage":26,"enemies":"3 Darklings","floor":41,"turns":8},{"damage":87,"enemies":"Reptomancer","floor":42,"turns":5},{"damage":42,"enemies":"Jaw Worm Horde","floor":44,"turns":5},{"damage":60,"enemies":"Nemesis","floor":47,"turns":7},{"damage":64,"enemies":"4 Shapes","floor":48,"turns":9},{"damage":176,"enemies":"Donu and Deca","floor":50,"turns":9},{"damage":140,"enemies":"Time Eater","floor":51,"turns":13},{"damage":183,"enemies":"Shield and Spear","floor":55,"turns":8},{"damage":115,"enemies":"The Heart","floor":56,"turns":8}],"green_key_taken_log":23,"seed_played":"2174042517158648976","neow_bonus_log":{"cardsObtained":[],"cardsUpgraded":[],"cardsRemoved":["Defend_R"],"cardsTransformed":[],"relicsObtained":[],"maxHpGained":0,"goldGained":0,"damageTaken":0,"goldLost":0,"maxHpLost":0},"potions_obtained":[{"floor":1,"key":"DistilledChaos"},{"floor":7,"key":"BloodPotion"},{"floor":8,"key":"BloodPotion"},{"floor":11,"key":"Strength Potion"},{"floor":16,"key":"SkillPotion"},{"floor":20,"key":"FearPotion"},{"floor":24,"key":"ColorlessPotion"},{"floor":27,"key":"EssenceOfSteel"},{"floor":31,"key":"Swift Potion"},{"floor":37,"key":"Weak Potion"},{"floor":42,"key":"LiquidMemories"},{"floor":47,"key":"Regen Potion"}],"is_trial":false,"path_per_floor":["M","?","M","?","M","R","E","M","T","M","E","?","?","E","R","B",null,"M","?","M","?","$","E","M","M","T","E","R","E","R","M","R","B",null,"M","?","?","?","M","R","M","E","T","M","?","$","E","M","R","B","B",null,"R","$","E","B"],"character_chosen":"IRONCLAD","basemod:card_modifiers":[null,null,null,null,null,null,null,null,null,null,null,null,null,null,null,null,null,null,null,null,null,null,null,null,null,null,null,null,null,null,null,null,null,null,null],"items_purchased":["PreservedInsect","Vajra","Inflame","Lee\u0027s Waffle","DuplicationPotion","Discovery","Bloodletting","Dark Embrace","Weak Potion"],"campfire_rested":3,"item_purchase_floors":[22,22,22,22,22,46,46,54,54],"current_hp_per_floor":[67,67,58,58,62,62,29,33,33,46,60,49,53,54,54,49,69,61,61,48,48,89,76,56,67,67,82,82,48,48,66,102,55,108,108,98,88,133,144,144,128,69,69,97,97,112,122,100,164,169,92,153,173,173,95,0],"gold":45,"neow_bonus":"REMOVE_CARD","is_prod":false,"is_daily":false,"rewards_skipped":[],"chose_seed":false,"campfire_upgraded":4,"win_rate":0,"floor_exit_playtime":[64,74,113,136,215,221,266,319,321,358,410,413,463,544,550,685,704,789,795,990,1003,1043,1130,1278,1388,1394,1467,1473,1633,1641,1851,1863,2039,2071,2129,2150,2285,2367,2567,2573,2798,2985,2989,3106,3108,3137,3301,3484,3487,3705,4049,4059,4063,4081,4392],"timestamp":1680979080,"blue_key_relic_skipped_log":{"floor":43,"relicID":"Bird Faced Urn"},"path_taken":["M","?","M","?","M","R","E","M","T","?","E","?","?","E","R","BOSS","M","?","?","?","$","E","M","M","T","E","R","E","R","M","R","BOSS","M","?","?","?","M","R","M","E","T","?","?","$","E","M","R","BOSS","BOSS","R","$","E","BOSS"],"build_version":"2022-12-18","purchased_purges":2,"victory":false,"max_hp_per_floor":[75,75,75,75,75,75,75,75,75,75,75,75,75,75,75,75,75,78,78,82,82,89,93,97,105,105,109,109,117,117,121,121,125,125,129,129,133,133,145,145,149,149,149,157,157,157,161,165,165,169,173,173,173,173,173,173],"relic_stats":{"Lee\u0027s Waffle":41,"Regal Pillow":15,"counters":[31,188],"Pen Nib":[31],"PreservedInsect":324,"Whetstone":["Headbutt","Feed"],"Burning Blood":176,"Centennial Puzzle":[40],"MealTicket":15,"obtain_stats":[{"Potion Belt":14,"Lee\u0027s Waffle":22,"Regal Pillow":42,"Vajra":22,"Pen Nib":4,"PreservedInsect":22,"Incense Burner":11,"Whetstone":26,"Odd Mushroom":13,"Burning Blood":0,"Old Coin":7,"Centennial Puzzle":29,"MealTicket":27,"Molten Egg 2":47,"Fusion Hammer":34,"Toy Ornithopter":23,"Unceasing Top":37,"FossilizedHelix":55,"Meat on the Bone":9,"Runic Pyramid":17},{"Potion Belt":9,"Lee\u0027s Waffle":12,"Regal Pillow":24,"Vajra":12,"Pen Nib":2,"PreservedInsect":12,"Incense Burner":7,"Whetstone":15,"Odd Mushroom":8,"Burning Blood":0,"Old Coin":4,"Centennial Puzzle":17,"MealTicket":16,"Molten Egg 2":26,"Fusion Hammer":19,"Toy Ornithopter":13,"Unceasing Top":21,"FossilizedHelix":30,"Meat on the Bone":5,"Runic Pyramid":10},{"Potion Belt":39,"Lee\u0027s Waffle":59,"Regal Pillow":129,"Vajra":59,"Pen Nib":9,"PreservedInsect":59,"Incense Burner":30,"Whetstone":75,"Odd Mushroom":34,"Burning Blood":0,"Old Coin":16,"Centennial Puzzle":83,"MealTicket":78,"Molten Egg 2":141,"Fusion Hammer":98,"Toy Ornithopter":63,"Unceasing Top":109,"FossilizedHelix":180,"Meat on the Bone":21,"Runic Pyramid":47}],"Toy Ornithopter":45,"Unceasing Top":[0],"FossilizedHelix":[42],"Meat on the Bone":144},"card_choices":[{"not_picked":["Spot Weakness","Havoc"],"picked":"Armaments","floor":1},{"not_picked":["Dual Wield","Havoc"],"picked":"Flex","floor":3},{"not_picked":["Ghostly Armor","Seeing Red"],"picked":"Burning Pact","floor":5},{"not_picked":["True Grit","Hemokinesis"],"picked":"Sword Boomerang","floor":7},{"not_picked":["Sword Boomerang","Anger"],"picked":"Whirlwind","floor":8},{"not_picked":["Wild Strike","Body Slam","Armaments"],"picked":"SKIP","floor":10},{"not_picked":["Uppercut","Clash"],"picked":"Evolve","floor":11},{"not_picked":["Inflame","Power Through"],"picked":"Anger","floor":13},{"not_picked":["Warcry","Anger"],"picked":"Headbutt","floor":14},{"not_picked":["Corruption","Immolate"],"picked":"Feed","floor":16},{"not_picked":["Perfected Strike","Cleave"],"picked":"Disarm","floor":18},{"not_picked":["Armaments","Clash"],"picked":"Blood for Blood","floor":20},{"not_picked":["Armaments+1","Battle Trance"],"picked":"Dual Wield","floor":23},{"not_picked":["Battle Trance","Dropkick"],"picked":"Second Wind+1","floor":24},{"not_picked":["Pommel Strike","Perfected Strike","Warcry"],"picked":"SKIP","floor":25},{"not_picked":["Dual Wield","Sever Soul"],"picked":"True Grit","floor":27},{"not_picked":["Flex","Combust"],"picked":"Pommel Strike+1","floor":29},{"not_picked":["Havoc","Twin Strike"],"picked":"Shrug It Off+1","floor":31},{"not_picked":["Reaper","Barricade"],"picked":"Berserk","floor":33},{"not_picked":["Body Slam","Clash"],"picked":"Sentinel","floor":35},{"not_picked":["Dark Shackles","Finesse"],"picked":"Panacea","floor":36},{"not_picked":["Transmutation","Violence"],"picked":"Dark Shackles","floor":36},{"not_picked":["Finesse","Forethought","Bandage Up"],"picked":"SKIP","floor":36},{"not_picked":["Clothesline","Body Slam+1","Thunderclap+1"],"picked":"SKIP","floor":37},{"not_picked":["Heavy Blade+1","Headbutt"],"picked":"Seeing Red","floor":39},{"not_picked":["Wild Strike","Pommel Strike+1","Armaments+1"],"picked":"SKIP","floor":41},{"not_picked":["Warcry","Cleave"],"picked":"Reaper","floor":42},{"not_picked":["Havoc+1","True Grit"],"picked":"Headbutt+1","floor":44},{"not_picked":["Sever Soul+1","Havoc","Juggernaut"],"picked":"SKIP","floor":47},{"not_picked":["Flex","Clash+1"],"picked":"Inflame+1","floor":48},{"not_picked":["Carnage+1","Power Through"],"picked":"Armaments+1","floor":55}],"player_experience":1645932,"relics_obtained":[{"floor":4,"key":"Pen Nib"},{"floor":7,"key":"Old Coin"},{"floor":9,"key":"Meat on the Bone"},{"floor":11,"key":"Incense Burner"},{"floor":13,"key":"Odd Mushroom"},{"floor":14,"key":"Potion Belt"},{"floor":23,"key":"Toy Ornithopter"},{"floor":26,"key":"Whetstone"},{"floor":27,"key":"MealTicket"},{"floor":29,"key":"Centennial Puzzle"},{"floor":37,"key":"Unceasing Top"},{"floor":42,"key":"Regal Pillow"},{"floor":47,"key":"Molten Egg 2"},{"floor":55,"key":"FossilizedHelix"}],"event_choices":[{"cards_removed":["Strike_R"],"damage_healed":0,"gold_gain":0,"player_choice":"Card Removal","damage_taken":0,"max_hp_gain":0,"max_hp_loss":0,"event_name":"The Cleric","floor":2,"gold_loss":75},{"damage_healed":0,"gold_gain":0,"player_choice":"Relic","damage_taken":0,"max_hp_gain":0,"max_hp_loss":0,"event_name":"Wheel of Change","floor":4,"gold_loss":0},{"damage_healed":0,"gold_gain":75,"player_choice":"Gather Gold","damage_taken":11,"max_hp_gain":0,"max_hp_loss":0,"event_name":"World of Goop","floor":12,"gold_loss":0},{"damage_healed":0,"gold_gain":0,"player_choice":"Fought Mushrooms","damage_taken":0,"max_hp_gain":0,"max_hp_loss":0,"event_name":"Mushrooms","floor":13,"gold_loss":0},{"damage_healed":0,"gold_gain":0,"cards_transformed":["Strike_R"],"player_choice":"Transformed","damage_taken":0,"max_hp_gain":0,"max_hp_loss":0,"event_name":"Transmorgrifier","floor":19,"gold_loss":0,"cards_obtained":["Pommel Strike"]},{"damage_healed":0,"gold_gain":0,"player_choice":"Ignored","damage_taken":0,"max_hp_gain":0,"max_hp_loss":0,"event_name":"Vampires","floor":21,"gold_loss":0},{"damage_healed":0,"gold_gain":0,"player_choice":"Memory 3","damage_taken":10,"max_hp_gain":0,"max_hp_loss":0,"event_name":"SensoryStone","floor":36,"gold_loss":0},{"damage_healed":0,"gold_gain":0,"player_choice":"Fight","damage_taken":0,"max_hp_gain":0,"max_hp_loss":0,"event_name":"MindBloom","floor":37,"gold_loss":0},{"cards_removed":["Sentinel"],"damage_healed":45,"gold_gain":0,"player_choice":"Offered Uncommon","damage_taken":0,"max_hp_gain":0,"max_hp_loss":0,"event_name":"Bonfire Elementals","floor":38,"gold_loss":0},{"damage_healed":0,"gold_gain":0,"player_choice":"Ignored","damage_taken":0,"max_hp_gain":0,"max_hp_loss":0,"event_name":"Tomb of Lord Red Mask","floor":45,"gold_loss":0}],"is_beta":false,"boss_relics":[{"not_picked":["Ectoplasm","Coffee Dripper"],"picked":"Runic Pyramid"},{"not_picked":["Empty Cage","Tiny House"],"picked":"Fusion Hammer"}],"items_purged_floors":[22,46],"is_endless":false,"potions_floor_spawned":[1,7,8,11,16,20,24,27,31,37,42,47],"killed_by":"The Heart","ascension_level":20,"potion_discard_per_floor":[[],[],[],[],[],[],[],[],[],[],[],[],[],[],[],[],[],[],[],[],[],[],[],[],[],[],[],[],[],[],[],[],[],[],[],[],[],[],[],[],[],[],[],[],[],[],[],[],[],[],[],[],[],[],[],[]]}