{"neow_bonuses_skipped_log":["THREE_ENEMY_KILL","TWENTY_PERCENT_HP_BONUS","BOSS_RELIC"],"neow_costs_skipped_log":["NONE","CURSE","NONE"],"potions_obtained_entropic_brew":[[],[],[],[],[],[],[],[],[],[],[],[],[],[],[],[],[],[],[],[],[],[],[],[],[],[],[],[],[],[],[],[],[],[],[],[],[],[],[]],"gold_per_floor":[109,125,125,200,218,218,249,273,300,300,341,341,341,366,366,459,459,478,203,203,203,222,257,257,90,90,123,146,146,166,186,186,282,282,307,122,122,138,138],"floor_reached":39,"playtime":2173,"items_purged":["Strike_R","Combust"],"score":908,"play_id":"a357714f-fc67-4b1d-823e-831ac942aa8b","local_time":"20230422044524","score_breakdown":["Floors Climbed (39): 195","Enemies Slain (12): 24","Exordium Elites Killed (2): 20","City Elites Killed (2): 40","Beyond Elites Killed (0): 0","Bosses Slain (2): 150","Champion (1): 25","Ascension (20): 454"],"is_ascension_mode":true,"potions_obtained_alchemize":[[],[],[],[],[],[],[],[],[],[],[],[],[],[],[],[],[],[],[],[],[],[],[],[],[],[],[],[],[],[],[],[],[],[],[],[],[],[],[]],"campfire_choices":[{"data":"Cleave","floor":6.0,"key":"SMITH"},{"floor":10.0,"key":"REST"},{"floor":12.0,"key":"REST"},{"data":"Demon Form","floor":15.0,"key":"SMITH"},{"data":"Uppercut","floor":24.0,"key":"SMITH"},{"data":"Sword Boomerang","floor":29,"key":"SMITH"},{"data":"Power Through","floor":32,"key":"SMITH"}],"lesson_learned_per_floor":[[],[],[],[],[],[],[],[],[],[],[],[],[],[],[],[],[],[],[],[],[],[],[],[],[],[],[],[],[],[],[],[],[],[],[],[],[],[],[]],"neow_cost":"NONE","improvable_cards":{},"seed_source_timestamp":866149635269300,"shop_contents":[{"floor":19,"relics":["Matryoshka","StoneCalendar","Lee\u0027s Waffle"],"cards":["Body Slam","Bludgeon","Finesse","Violence"],"potions":["EssenceOfSteel","Weak Potion","Strength Potion"]},{"floor":25,"relics":["Paper Frog","White Beast Statue"],"cards":["Thunderclap","Cleave","Warcry","Disarm","Metallicize","Mind Blast","Secret Weapon"],"potions":["ColorlessPotion","LiquidMemories","SneckoOil"]},{"floor":36,"relics":["War Paint","Champion Belt","DollysMirror"],"cards":["Whirlwind","Clash","Disarm","Infernal Blade","Forethought","The Bomb"],"potions":["ColorlessPotion","SteroidPotion","FairyPotion"]}],"circlet_count":0,"master_deck":["AscendersBane","Defend_R","Defend_R","Defend_R","Defend_R","Bash+1","Cleave+1","Twin Strike","Inflame","Demon Form+1","Impervious","Heavy Blade+1","Evolve","Power Through+1","Disarm","Disarm","Thunderclap","Uppercut+1","Sword Boomerang+1","Pommel Strike+1","Reaper","Dark Embrace+1","Impervious","True Grit","Dark Embrace+1","Shrug It Off+1"],"special_seed":0,"potion_use_per_floor":[[],[],[],[],[],[],["Swift Potion"],[],[],[],["CultistPotion"],[],[],[],[],["EssenceOfSteel"],[],[],[],[],[],[],["DistilledChaos"],[],[],[],[],["EssenceOfSteel"],[],["Swift Potion"],[],[],["PowerPotion"],[],[],[],[],[],[]],"relics":["Burning Blood","Golden Idol","Pen Nib","Akabeko","Coffee Dripper","Torii","ClockworkSouvenir","Sundial","Frozen Egg 2","Runic Cube"],"potions_floor_usage":[28,30,33],"damage_taken":[{"damage":1.0,"enemies":"Cultist","floor":1.0,"turns":3.0},{"damage":3.0,"enemies":"2 Louse","floor":2.0,"turns":3.0},{"damage":19.0,"enemies":"Small Slimes","floor":5.0,"turns":4.0},{"damage":32.0,"enemies":"Gremlin Nob","floor":7.0,"turns":4.0},{"damage":10.0,"enemies":"Exordium Thugs","floor":8.0,"turns":4.0},{"damage":25.0,"enemies":"3 Sentries","floor":11.0,"turns":5.0},{"damage":3.0,"enemies":"Exordium Wildlife","floor":14.0,"turns":2.0},{"damage":33.0,"enemies":"Slime Boss","floor":16.0,"turns":8.0},{"damage":13.0,"enemies":"Chosen","floor":18.0,"turns":4.0},{"damage":1.0,"enemies":"2 Thieves","floor":22.0,"turns":2.0},{"damage":3.0,"enemies":"Gremlin Leader","floor":23.0,"turns":4.0},{"damage":10,"enemies":"Slavers","floor":27,"turns":6},{"damage":15,"enemies":"Snake Plant","floor":28,"turns":4},{"damage":1,"enemies":"Centurion and Healer","floor":30,"turns":5},{"damage":21,"enemies":"Snecko","floor":31,"turns":4},{"damage":40,"enemies":"Automaton","floor":33,"turns":7},{"damage":36,"enemies":"3 Darklings","floor":35,"turns":6},{"damage":58,"enemies":"3 Shapes","floor":38,"turns":14},{"damage":16,"enemies":"Spire Growth","floor":39,"turns":4}],"green_key_taken_log":11,"seed_played":"-3210094793930307284","neow_bonus_log":{"cardsObtained":[],"cardsUpgraded":["Bash"],"cardsRemoved":[],"cardsTransformed":[],"relicsObtained":[],"maxHpGained":0,"goldGained":0,"damageTaken":0,"goldLost":0,"maxHpLost":0},"potions_obtained":[{"floor":5.0,"key":"Swift Potion"},{"floor":7.0,"key":"CultistPotion"},{"floor":11.0,"key":"EssenceOfSteel"},{"floor":16.0,"key":"PowerPotion"},{"floor":18.0,"key":"DistilledChaos"},{"floor":23.0,"key":"EssenceOfSteel"},{"floor":28,"key":"Swift Potion"},{"floor":35,"key":"CultistPotion"},{"floor":38,"key":"Energy Potion"}],"is_trial":false,"path_per_floor":["M","M","?","?","M","R","E","M","T","R","E","R","?","M","R","B",null,"M","$","?","?","M","E","R","$","T","E","M","R","M","M","R","B",null,"M","$","?","M","M"],"character_chosen":"IRONCLAD","basemod:card_modifiers":[null,null,null,null,null,null,null,null,null,null,null,null,null,null,null,null,null,null,null,null,null,null,null,null,null,null],"items_purchased":["Evolve","Power Through","Disarm","ClockworkSouvenir","Dark Embrace+1"],"campfire_rested":2,"item_purchase_floors":[19,19,19,25,36],"current_hp_per_floor":[73,75,68,57,44,44,18,14,14,34,15,35,35,38,38,11,54,47,47,47,47,52,55,55,55,55,51,42,42,47,32,32,22,57,68,68,68,16,0],"gold":138,"neow_bonus":"UPGRADE_CARD","is_prod":false,"is_daily":false,"rewards_skipped":[{"floor":7,"relics":["Tiny Chest"],"potions":[]}],"chose_seed":false,"campfire_upgraded":5,"win_rate":0,"floor_exit_playtime":[50,90,108,111,167,185,260,311,317,321,395,402,419,539,544,649,689,727,777,805,817,862,1002,1010,1058,1061,1184,1235,1247,1326,1388,1402,1572,1602,1750,1891,1893,2132],"timestamp":1682153124,"path_taken":["M","M","?","?","M","R","E","M","T","R","E","R","?","?","R","BOSS","M","$","?","?","M","E","R","$","T","E","M","R","?","M","R","BOSS","M","$","?","M","M"],"build_version":"2022-12-18","purchased_purges":2,"victory":false,"max_hp_per_floor":[75,75,68,68,68,68,68,68,68,68,68,68,68,68,68,68,68,68,68,68,68,68,68,68,68,68,68,68,68,68,68,68,68,68,68,68,68,68,68],"relic_stats":{"Torii":24,"counters":[19,93],"Golden Idol":109,"Sundial":[8],"Pen Nib":[8],"obtain_stats":[{"Torii":23,"Golden Idol":3,"Sundial":26,"Pen Nib":9,"Coffee Dripper":17,"Frozen Egg 2":27,"Burning Blood":0,"Akabeko":11,"ClockworkSouvenir":25,"Runic Cube":34},{"Torii":11,"Golden Idol":2,"Sundial":11,"Pen Nib":5,"Coffee Dripper":8,"Frozen Egg 2":12,"Burning Blood":0,"Akabeko":6,"ClockworkSouvenir":11,"Runic Cube":16},{"Torii":43,"Golden Idol":6,"Sundial":43,"Pen Nib":18,"Coffee Dripper":33,"Frozen Egg 2":49,"Burning Blood":0,"Akabeko":23,"ClockworkSouvenir":43,"Runic Cube":69}],"Burning Blood":103,"Runic Cube":[14]},"card_choices":[{"not_picked":["Perfected Strike","Entrench"],"picked":"Cleave","floor":1.0},{"not_picked":["Thunderclap","Flex"],"picked":"Twin Strike","floor":2.0},{"not_picked":["Searing Blow","Clash"],"picked":"Inflame","floor":5.0},{"not_picked":["Clash","Wild Strike"],"picked":"Combust","floor":7.0},{"not_picked":["Flex","Heavy Blade","Disarm"],"picked":"SKIP","floor":8.0},{"not_picked":["Clash","Cleave"],"picked":"Demon Form","floor":11.0},{"not_picked":["Cleave","Armaments","Perfected Strike"],"picked":"SKIP","floor":14.0},{"not_picked":["Barricade","Double Tap"],"picked":"Impervious","floor":16.0},{"not_picked":["Headbutt","Pummel"],"picked":"Heavy Blade+1","floor":18.0},{"not_picked":["Warcry","Perfected Strike","Infernal Blade"],"picked":"SKIP","floor":22.0},{"not_picked":["Whirlwind","Infernal Blade"],"picked":"Uppercut","floor":23.0},{"not_picked":["Wild Strike","Flex"],"picked":"Sword Boomerang","floor":27},{"not_picked":["Clash","Clothesline"],"picked":"Pommel Strike+1","floor":28},{"not_picked":["True Grit+1","Power Through"],"picked":"Reaper","floor":30},{"not_picked":["Rupture+1","Headbutt"],"picked":"Dark Embrace+1","floor":31},{"not_picked":["Bludgeon","Brutality+1"],"picked":"Impervious","floor":33},{"not_picked":["Pommel Strike","Iron Wave"],"picked":"True Grit","floor":35},{"not_picked":["Clash","Iron Wave"],"picked":"Shrug It Off+1","floor":38}],"player_experience":1875209,"relics_obtained":[{"floor":9.0,"key":"Pen Nib"},{"floor":11.0,"key":"Akabeko"},{"floor":23.0,"key":"Torii"},{"floor":26.0,"key":"Sundial"},{"floor":27,"key":"Frozen Egg 2"}],"event_choices":[{"damage_healed":0.0,"max_hp_gain":0.0,"max_hp_loss":7.0,"gold_gain":0.0,"event_name":"Golden Idol","player_choice":"Lose Max HP","floor":3.0,"gold_loss":0.0,"damage_taken":0.0,"relics_obtained":["Golden Idol"]},{"damage_healed":0.0,"max_hp_gain":0.0,"max_hp_loss":0.0,"gold_gain":75.0,"event_name":"World of Goop","player_choice":"Gather Gold","floor":4.0,"gold_loss":0.0,"damage_taken":11.0},{"cards_removed":["Strike_R"],"damage_healed":0.0,"max_hp_gain":0.0,"max_hp_loss":0.0,"gold_gain":0.0,"event_name":"Wheel of Change","player_choice":"Card Removal","floor":13.0,"gold_loss":0.0,"damage_taken":0.0},{"damage_healed":0.0,"max_hp_gain":0.0,"max_hp_loss":0.0,"gold_gain":0.0,"cards_transformed":["Strike_R","Strike_R"],"event_name":"Drug Dealer","player_choice":"Became Test Subject","floor":20.0,"gold_loss":0.0,"damage_taken":0.0,"cards_obtained":["Disarm","Thunderclap"]},{"cards_removed":["Strike_R"],"damage_healed":0.0,"max_hp_gain":0.0,"max_hp_loss":0.0,"gold_gain":0.0,"event_name":"Bonfire Elementals","player_choice":"Offered Basic","floor":21.0,"gold_loss":0.0,"damage_taken":0.0},{"damage_healed":0,"gold_gain":0,"player_choice":"Ignored","damage_taken":0,"max_hp_gain":0,"max_hp_loss":0,"event_name":"Tomb of Lord Red Mask","floor":37,"gold_loss":0}],"is_beta":false,"boss_relics":[{"not_picked":["Black Blood","SacredBark"],"picked":"Coffee Dripper"},{"not_picked":["Empty Cage","Busted Crown"],"picked":"Runic Cube"}],"items_purged_floors":[19,36],"is_endless":false,"potions_floor_spawned":[5,7,11,16,18,23,28,35,38],"killed_by":"Spire Growth","ascension_level":20,"potion_discard_per_floor":[[],[],[],[],[],[],[],[],[],[],[],[],[],[],[],[],[],[],[],[],[],[],[],[],[],[],[],[],[],[],[],[],[],[],[],[],[],[],[]]}