{"neow_bonuses_skipped_log":["UPGRADE_CARD","THREE_ENEMY_KILL","BOSS_RELIC"],"neow_costs_skipped_log":["NONE","NONE","NONE"],"potions_obtained_entropic_brew":[[],[],[],[],[],[],[],[],[],[],[],[],[],[],[],[]],"gold_per_floor":[360,372,13,33,33,33,48,60,60,60,88,108,133,149,149,149],"floor_reached":16,"playtime":562,"items_purged":["Strike_R"],"score":228,"play_id":"292e6784-52bd-4c85-bb18-82f2d559734e","local_time":"20230907014939","score_breakdown":["Floors Climbed (16): 80","Enemies Slain (7): 14","Exordium Elites Killed (2): 20","Bosses Slain (0): 0","Ascension (20): 114"],"is_ascension_mode":true,"potions_obtained_alchemize":[[],[],[],[],[],[],[],[],[],[],[],[],[],[],[],[]],"campfire_choices":[{"data":"Apotheosis","floor":6,"key":"SMITH"},{"data":"Pommel Strike","floor":15,"key":"SMITH"}],"lesson_learned_per_floor":[[],[],[],[],[],[],[],[],[],[],[],[],[],[],[],[]],"neow_cost":"CURSE","improvable_cards":{},"seed_source_timestamp":904829639137300,"shop_contents":[{"floor":3,"relics":["MealTicket","Nunchaku","Frozen Eye"],"cards":["Hemokinesis","Intimidate","Disarm","Feel No Pain","PanicButton"],"potions":["PowerPotion","SpeedPotion"]},{"floor":5,"relics":["Anchor","Gambling Chip","Lee\u0027s Waffle"],"cards":["Clothesline","Fiend Fire","Second Wind","Warcry","Berserk","Bandage Up","Violence"],"potions":["Regen Potion","BlessingOfTheForge","GamblersBrew"]}],"circlet_count":0,"master_deck":["AscendersBane","Strike_R","Strike_R","Strike_R","Strike_R","Defend_R+1","Defend_R","Defend_R","Defend_R+1","Bash","Pommel Strike+1","Perfected Strike","Apotheosis+1","Uppercut","Twin Strike","Combust","Pommel Strike","Corruption","Pommel Strike+1","Whirlwind+1"],"potion_use_per_floor":[[],[],[],[],[],[],[],[],[],[],["Energy Potion"],["Explosive Potion"],[],[],[],["Energy Potion","DuplicationPotion"]],"relics":["Burning Blood","Molten Egg 2","War Paint","TungstenRod"],"potions_floor_usage":[11,12,16,16],"damage_taken":[{"damage":7,"enemies":"Cultist","floor":1,"turns":4},{"damage":3,"enemies":"2 Louse","floor":2,"turns":3},{"damage":13,"enemies":"Small Slimes","floor":4,"turns":4},{"damage":14,"enemies":"Blue Slaver","floor":7,"turns":4},{"damage":17,"enemies":"Exordium Thugs","floor":8,"turns":4},{"damage":19,"enemies":"Lagavulin","floor":11,"turns":5},{"damage":2,"enemies":"Gremlin Gang","floor":12,"turns":3},{"damage":18,"enemies":"3 Sentries","floor":13,"turns":5},{"damage":2,"enemies":"Looter","floor":14,"turns":3},{"damage":30,"enemies":"Slime Boss","floor":16,"turns":8}],"green_key_taken_log":13,"seed_played":"-1207370761905553596","neow_bonus_log":{"cardsObtained":["Injury"],"cardsUpgraded":[],"cardsRemoved":[],"cardsTransformed":[],"relicsObtained":[],"maxHpGained":0,"goldGained":250,"damageTaken":0,"goldLost":0,"maxHpLost":0},"potions_obtained":[{"floor":4,"key":"Energy Potion"},{"floor":7,"key":"DuplicationPotion"},{"floor":11,"key":"Explosive Potion"},{"floor":13,"key":"Energy Potion"}],"is_trial":false,"path_per_floor":["M","M","$","M","$","R","M","M","T","?","E","M","E","M","R","B"],"character_chosen":"IRONCLAD","basemod:card_modifiers":[null,null,null,null,null,null,null,null,null,null,null,null,null,null,null,null,null,null,null,null],"items_purchased":["Apotheosis","Uppercut","Explosive Potion"],"campfire_rested":0,"item_purchase_floors":[3,3,3],"current_hp_per_floor":[67,70,70,63,63,63,55,44,44,44,31,35,23,27,27,0],"gold":149,"neow_bonus":"TWO_FIFTY_GOLD","is_prod":false,"is_daily":false,"rewards_skipped":[{"floor":8,"relics":[],"potions":["PowerPotion"]}],"chose_seed":false,"campfire_upgraded":2,"win_rate":0,"floor_exit_playtime":[40,67,103,146,151,159,209,248,250,255,313,345,410,439,463],"timestamp":1694065779,"path_taken":["M","?","$","M","?","R","?","M","T","?","E","?","E","M","R","BOSS"],"build_version":"2022-12-18","purchased_purges":1,"victory":false,"max_hp_per_floor":[75,75,75,75,75,75,75,75,75,75,75,75,75,75,75,75],"relic_stats":{"counters":[10,43],"War Paint":["Defend_R","Defend_R"],"obtain_stats":[{"Molten Egg 2":9,"War Paint":11,"Burning Blood":0,"TungstenRod":13},{"Molten Egg 2":5,"War Paint":6,"Burning Blood":0,"TungstenRod":8},{"Molten Egg 2":19,"War Paint":24,"Burning Blood":0,"TungstenRod":32}],"Burning Blood":54,"TungstenRod":5},"card_choices":[{"not_picked":["Wild Strike","Reckless Charge"],"picked":"Pommel Strike","floor":1},{"not_picked":["Dark Embrace","Blood for Blood"],"picked":"Perfected Strike","floor":2},{"not_picked":["Heavy Blade","Havoc"],"picked":"Twin Strike","floor":4},{"not_picked":["Sword Boomerang","Flex"],"picked":"Combust","floor":7},{"not_picked":["Clothesline","Sentinel"],"picked":"Pommel Strike","floor":8},{"not_picked":["Carnage+1","Iron Wave+1","Headbutt+1"],"picked":"SKIP","floor":11},{"not_picked":["Carnage+1","Iron Wave+1","Headbutt+1"],"picked":"SKIP","floor":11},{"not_picked":["Cleave+1","Flex"],"picked":"Corruption","floor":12},{"not_picked":["Havoc","Flame Barrier"],"picked":"Pommel Strike+1","floor":13},{"not_picked":["Sword Boomerang+1","Body Slam+1"],"picked":"Whirlwind+1","floor":14}],"player_experience":1976969,"relics_obtained":[{"floor":9,"key":"Molten Egg 2"},{"floor":11,"key":"War Paint"},{"floor":13,"key":"TungstenRod"}],"event_choices":[{"cards_removed":["Injury"],"damage_healed":0,"gold_gain":0,"player_choice":"Purged","damage_taken":0,"max_hp_gain":0,"max_hp_loss":0,"event_name":"Purifier","floor":10,"gold_loss":0}],"is_beta":false,"boss_relics":[],"items_purged_floors":[3],"is_endless":false,"potions_floor_spawned":[4,7,8,11,13],"killed_by":"Slime Boss","ascension_level":20,"potion_discard_per_floor":[[],[],[],[],[],[],["Explosive Potion"],[],[],[],[],[],[],[],[],[]]}