{"neow_bonuses_skipped_log":["TRANSFORM_CARD","TWO_FIFTY_GOLD","BOSS_RELIC"],"neow_costs_skipped_log":["NONE","CURSE","NONE"],"potions_obtained_entropic_brew":[[],[],[],[],[],[],[],[],[],[],[],[],[],[],[],[],[],[],[],[],[],[]],"gold_per_floor":[219,234,234,309,4,40,63,63,110,110,130,150,150,185,185,274,274,294,294,47,72,72],"floor_reached":22,"playtime":675,"items_purged":["Strike_R","Strike_R"],"score":388,"play_id":"4e52195c-7b19-43ec-b70c-e9092fe4824d","local_time":"20230907010408","score_breakdown":["Floors Climbed (22): 110","Enemies Slain (7): 14","Exordium Elites Killed (2): 20","City Elites Killed (0): 0","Bosses Slain (1): 50","Ascension (20): 194"],"is_ascension_mode":true,"potions_obtained_alchemize":[[],[],[],[],[],[],[],[],[],[],[],[],[],[],[],[],[],[],[],[],[],[]],"campfire_choices":[{"data":"Blood for Blood","floor":8.0,"key":"SMITH"},{"data":"Bash","floor":10.0,"key":"SMITH"},{"data":"Whirlwind","floor":13.0,"key":"SMITH"},{"data":"Anger","floor":15.0,"key":"SMITH"}],"lesson_learned_per_floor":[[],[],[],[],[],[],[],[],[],[],[],[],[],[],[],[],[],[],[],[],[],[]],"neow_cost":"NONE","improvable_cards":{},"seed_source_timestamp":0,"shop_contents":[{"floor":5,"relics":["Anchor","TheAbacus"],"cards":["Reckless Charge","Flame Barrier","Ghostly Armor","Fire Breathing","Deep Breath","Panache"],"potions":["Swift Potion","FearPotion","GamblersBrew"]},{"floor":20,"relics":["MealTicket","Molten Egg 2","Chemical X"],"cards":["Pummel","Feed","Warcry","True Grit","Forethought","Transmutation"],"potions":["Dexterity Potion","GamblersBrew"]}],"circlet_count":0,"master_deck":["AscendersBane","Strike_R","Strike_R","Strike_R","Defend_R","Defend_R","Defend_R","Defend_R","Bash+1","Twin Strike","Blood for Blood+1","Anger+1","Pummel","Battle Trance","Whirlwind+1","Second Wind","Burning Pact","Feed+1","Feel No Pain","Bloodletting"],"special_seed":0,"potion_use_per_floor":[[],[],[],[],[],[],[],[],[],[],[],[],[],[],[],["LiquidBronze","SpeedPotion"],[],[],[],[],[],["AttackPotion"]],"relics":["Burning Blood","Golden Idol","Vajra","PreservedInsect","Question Card","Fusion Hammer"],"potions_floor_usage":[22],"damage_taken":[{"damage":5.0,"enemies":"Small Slimes","floor":1.0,"turns":3.0},{"damage":2.0,"enemies":"2 Louse","floor":2.0,"turns":4.0},{"damage":35.0,"enemies":"3 Sentries","floor":6.0,"turns":7.0},{"damage":1.0,"enemies":"Cultist","floor":7.0,"turns":3.0},{"damage":8.0,"enemies":"Blue Slaver","floor":11.0,"turns":3.0},{"damage":1.0,"enemies":"Exordium Wildlife","floor":12.0,"turns":2.0},{"damage":20.0,"enemies":"Lagavulin","floor":14.0,"turns":4.0},{"damage":17.0,"enemies":"Hexaghost","floor":16.0,"turns":8.0},{"damage":12,"enemies":"3 Byrds","floor":18,"turns":3},{"damage":33,"enemies":"Shell Parasite","floor":21,"turns":4},{"damage":42,"enemies":"Snecko","floor":22,"turns":4}],"seed_played":"5370238006171033948","neow_bonus_log":{"cardsObtained":[],"cardsUpgraded":[],"cardsRemoved":[],"cardsTransformed":[],"relicsObtained":[],"maxHpGained":0,"goldGained":100,"damageTaken":0,"goldLost":0,"maxHpLost":0},"potions_obtained":[{"floor":1.0,"key":"SpeedPotion"},{"floor":6.0,"key":"LiquidBronze"}],"is_trial":false,"path_per_floor":["M","M","?","?","$","E","M","R","T","R","M","M","R","E","R","B",null,"M","?","$","M","M"],"character_chosen":"IRONCLAD","basemod:card_modifiers":[null,null,null,null,null,null,null,null,null,null,null,null,null,null,null,null,null,null,null,null],"items_purchased":["Vajra","Anger","Feel No Pain","AttackPotion"],"campfire_rested":0,"item_purchase_floors":[5,5,20,20],"current_hp_per_floor":[69,73,68,57,57,28,33,33,33,33,31,36,36,22,22,11,54,48,48,48,21,0],"gold":72,"neow_bonus":"HUNDRED_GOLD","is_prod":false,"is_daily":false,"rewards_skipped":[{"floor":11,"relics":[],"potions":["LiquidBronze"]},{"floor":12,"relics":[],"potions":["SmokeBomb"]}],"chose_seed":false,"campfire_upgraded":4,"win_rate":0,"floor_exit_playtime":[52,88,94,97,158,234,255,266,269,281,314,339,344,384,393,482,511,549,554,571,624],"timestamp":1694063048,"blue_key_relic_skipped_log":{"floor":9,"relicID":"Boot"},"path_taken":["M","M","?","?","$","E","M","R","T","R","M","M","R","E","R","BOSS","M","?","$","M","?"],"build_version":"2022-12-18","purchased_purges":2,"victory":false,"max_hp_per_floor":[75,75,68,68,68,68,68,68,68,68,68,68,68,68,68,68,68,68,68,68,68,68],"relic_stats":{"counters":[11,45],"Golden Idol":54,"PreservedInsect":29,"Question Card":3,"obtain_stats":[{"Golden Idol":3,"Vajra":5,"PreservedInsect":6,"Fusion Hammer":17,"Question Card":14,"Burning Blood":0},{"Golden Idol":2,"Vajra":2,"PreservedInsect":3,"Fusion Hammer":8,"Question Card":7,"Burning Blood":0},{"Golden Idol":7,"Vajra":7,"PreservedInsect":14,"Fusion Hammer":34,"Question Card":26,"Burning Blood":0}],"Burning Blood":60},"card_choices":[{"not_picked":["Searing Blow","Clash"],"picked":"Twin Strike","floor":1.0},{"not_picked":["Twin Strike","Warcry"],"picked":"Blood for Blood","floor":2.0},{"not_picked":["Dual Wield","True Grit"],"picked":"Pummel","floor":6.0},{"not_picked":["Sword Boomerang","Heavy Blade"],"picked":"Battle Trance","floor":7.0},{"not_picked":["Pummel","Heavy Blade"],"picked":"Whirlwind","floor":11.0},{"not_picked":["Infernal Blade","Rage"],"picked":"Second Wind","floor":12.0},{"not_picked":["Warcry","Havoc"],"picked":"Burning Pact","floor":14.0},{"not_picked":["Impervious","Barricade","Berserk"],"picked":"Feed","floor":16.0},{"not_picked":["Body Slam","Cleave","Heavy Blade","True Grit"],"picked":"SKIP","floor":18},{"not_picked":["Infernal Blade","Flame Barrier","Reckless Charge"],"picked":"Bloodletting","floor":21}],"player_experience":1974198,"relics_obtained":[{"floor":6.0,"key":"PreservedInsect"},{"floor":14.0,"key":"Question Card"}],"event_choices":[{"damage_healed":0.0,"max_hp_gain":0.0,"max_hp_loss":7.0,"gold_gain":0.0,"event_name":"Golden Idol","player_choice":"Lose Max HP","floor":3.0,"gold_loss":0.0,"damage_taken":0.0,"relics_obtained":["Golden Idol"]},{"damage_healed":0.0,"max_hp_gain":0.0,"max_hp_loss":0.0,"gold_gain":75.0,"event_name":"World of Goop","player_choice":"Gather Gold","floor":4.0,"gold_loss":0.0,"damage_taken":11.0},{"damage_healed":0,"gold_gain":0,"player_choice":"Upgraded","damage_taken":0,"max_hp_gain":0,"max_hp_loss":0,"event_name":"Upgrade Shrine","floor":19,"gold_loss":0,"cards_upgraded":["Feed"]}],"is_beta":false,"boss_relics":[{"not_picked":["SacredBark","Runic Dome"],"picked":"Fusion Hammer"}],"items_purged_floors":[5,20],"is_endless":false,"potions_floor_spawned":[1,6,11,12],"killed_by":"Snecko","ascension_level":20,"potion_discard_per_floor":[[],[],[],[],[],[],[],[],[],[],[],[],[],[],[],[],[],[],[],[],[],[]]}