{"neow_bonuses_skipped_log":["UPGRADE_CARD","TEN_PERCENT_HP_BONUS","BOSS_RELIC"],"neow_costs_skipped_log":["NONE","NONE","NONE"],"potions_obtained_entropic_brew":[[],[],[],[],[],[],[],[],[],[],[],[],[],[],[],[],[],[],[],[],[],[],[],[],[],[],[],[]],"gold_per_floor":[116,81,96,96,114,114,149,149,175,205,205,219,231,60,60,131,131,144,160,430,442,38,38,38,63,111,111,111],"floor_reached":28,"playtime":1044,"items_purged":[],"score":492,"play_id":"028d103c-3548-4f0a-8a33-3f725fb10f14","local_time":"20231101153626","score_breakdown":["Floors Climbed (28): 140","Enemies Slain (8): 16","Exordium Elites Killed (2): 20","City Elites Killed (1): 20","Bosses Slain (1): 50","Ascension (20): 246"],"is_ascension_mode":true,"potions_obtained_alchemize":[[],[],[],[],[],[],[],[],[],[],[],[],[],[],[],[],[],[],[],[],[],[],[],[],[],[],[],[]],"campfire_choices":[{"data":"Rupture","floor":6,"key":"SMITH"},{"floor":8,"key":"REST"},{"data":"Brutality","floor":11,"key":"SMITH"},{"floor":15,"key":"REST"},{"data":"Armaments","floor":23,"key":"SMITH"},{"floor":27,"key":"REST"}],"lesson_learned_per_floor":[[],[],[],[],[],[],[],[],[],[],[],[],[],[],[],[],[],[],[],[],[],[],[],[],[],[],[],[]],"neow_cost":"PERCENT_DAMAGE","improvable_cards":{},"seed_source_timestamp":3935081450966000,"shop_contents":[{"floor":14,"relics":["Darkstone Periapt","Membership Card"],"cards":["Wild Strike","Thunderclap","Havoc","Offering","Dark Embrace","Deep Breath","HandOfGreed"],"potions":["SneckoOil","Explosive Potion","Explosive Potion"]},{"floor":22,"relics":["Happy Flower","HandDrill"],"cards":["Whirlwind","Body Slam","Seeing Red","Battle Trance","Dramatic Entrance","Secret Technique"],"potions":["Energy Potion","Dexterity Potion","SkillPotion"]}],"circlet_count":0,"master_deck":["AscendersBane","Strike_R","Strike_R","Strike_R+1","Defend_R","Defend_R","Defend_R","Defend_R","Bash","Brutality+1","Combust","Rupture+1","Pommel Strike","Pommel Strike+1","Battle Trance","Whirlwind","Uppercut","Bloodletting","Fiend Fire","Armaments+1","Power Through","Havoc+1","Evolve","Headbutt"],"potion_use_per_floor":[[],[],[],[],[],[],["Weak Potion"],[],[],[],[],[],[],[],[],[],[],[],[],[],[],[],[],[],["SkillPotion"],[],[],[]],"relics":["Black Blood","Whetstone","Orichalcum","Gremlin Horn","Centennial Puzzle","Gambling Chip","Ancient Tea Set","Strawberry"],"potions_floor_usage":[7,25],"damage_taken":[{"damage":10,"enemies":"Jaw Worm","floor":1,"turns":5},{"damage":34,"enemies":"Cultist","floor":3,"turns":6},{"damage":4,"enemies":"2 Louse","floor":5,"turns":5},{"damage":30,"enemies":"Gremlin Nob","floor":7,"turns":4},{"damage":27,"enemies":"3 Sentries","floor":10,"turns":5},{"damage":7,"enemies":"Large Slime","floor":12,"turns":5},{"damage":7,"enemies":"Blue Slaver","floor":13,"turns":3},{"damage":17,"enemies":"Hexaghost","floor":16,"turns":7},{"damage":17,"enemies":"2 Thieves","floor":18,"turns":2},{"damage":6,"enemies":"Spheric Guardian","floor":19,"turns":3},{"damage":3,"enemies":"Snecko","floor":21,"turns":3},{"damage":23,"enemies":"Slavers","floor":25,"turns":6},{"damage":16,"enemies":"Colosseum Slavers","floor":28,"turns":7},{"damage":61,"enemies":"Colosseum Nobs","floor":28,"turns":3}],"seed_played":"2851812196981295086","neow_bonus_log":{"cardsObtained":["Brutality","Combust"],"cardsUpgraded":[],"cardsRemoved":[],"cardsTransformed":["Strike_R","Strike_R"],"relicsObtained":[],"maxHpGained":0,"goldGained":0,"damageTaken":18,"goldLost":0,"maxHpLost":0},"potions_obtained":[{"floor":3,"key":"Weak Potion"},{"floor":7,"key":"ElixirPotion"},{"floor":16,"key":"SkillPotion"}],"is_trial":false,"path_per_floor":["M","?","M","?","M","R","E","R","T","E","R","M","M","$","R","B",null,"M","M","?","M","$","R","?","E","T","R","?"],"character_chosen":"IRONCLAD","basemod:card_modifiers":[null,null,null,null,null,null,null,null,null,null,null,null,null,null,null,null,null,null,null,null,null,null,null,null],"items_purchased":["Centennial Puzzle","Evolve","Gambling Chip"],"campfire_rested":3,"item_purchase_floors":[14,22,22],"current_hp_per_floor":[46,64,36,36,38,38,14,36,36,15,15,14,13,13,35,24,62,57,63,36,45,45,45,24,13,20,46,0],"gold":111,"neow_bonus":"TRANSFORM_TWO_CARDS","is_prod":false,"is_daily":false,"rewards_skipped":[],"chose_seed":false,"campfire_upgraded":3,"win_rate":0,"floor_exit_playtime":[71,76,128,133,169,179,225,228,233,289,304,355,395,426,429,517,535,591,643,652,715,731,738,741,877,879,883],"timestamp":1698867386,"path_taken":["M","?","M","?","M","R","E","R","T","E","R","M","M","$","R","BOSS","M","M","?","?","$","R","?","E","T","R","?"],"build_version":"2022-12-18","purchased_purges":0,"victory":false,"max_hp_per_floor":[75,75,75,75,75,75,75,75,75,75,75,75,75,75,75,75,75,75,75,75,75,75,75,80,80,87,87,87],"relic_stats":{"Centennial Puzzle":[21],"Gremlin Horn":[4,4],"counters":[14,64],"Gambling Chip":[11],"Black Blood":108,"Whetstone":["Pommel Strike","Strike_R"],"Orichalcum":[84],"Ancient Tea Set":[2],"obtain_stats":[{"Centennial Puzzle":14,"Gremlin Horn":10,"Gambling Chip":22,"Strawberry":26,"Black Blood":17,"Whetstone":7,"Orichalcum":9,"Ancient Tea Set":25,"Burning Blood":0},{"Centennial Puzzle":7,"Gremlin Horn":5,"Gambling Chip":11,"Strawberry":12,"Black Blood":8,"Whetstone":4,"Orichalcum":4,"Ancient Tea Set":12,"Burning Blood":0},{"Centennial Puzzle":33,"Gremlin Horn":25,"Gambling Chip":48,"Strawberry":54,"Black Blood":40,"Whetstone":20,"Orichalcum":20,"Ancient Tea Set":54,"Burning Blood":0}]},"card_choices":[{"not_picked":["Heavy Blade","Flex"],"picked":"Rupture","floor":1},{"not_picked":["Wild Strike","Intimidate"],"picked":"Pommel Strike","floor":3},{"not_picked":["Iron Wave","Clash"],"picked":"Pommel Strike","floor":5},{"not_picked":["Ghostly Armor","Dark Embrace"],"picked":"Battle Trance","floor":7},{"not_picked":["Wild Strike","Cleave"],"picked":"Whirlwind","floor":10},{"not_picked":["True Grit","Clothesline"],"picked":"Uppercut","floor":12},{"not_picked":["Twin Strike","Battle Trance"],"picked":"Bloodletting","floor":13},{"not_picked":["Demon Form","Juggernaut"],"picked":"Fiend Fire","floor":16},{"not_picked":["Anger","Havoc"],"picked":"Armaments","floor":18},{"not_picked":["True Grit","Twin Strike"],"picked":"Power Through","floor":19},{"not_picked":["Shrug It Off","Metallicize"],"picked":"Havoc+1","floor":21},{"not_picked":["True Grit","Rampage+1"],"picked":"Headbutt","floor":25}],"player_experience":2212014,"relics_obtained":[{"floor":7,"key":"Whetstone"},{"floor":9,"key":"Orichalcum"},{"floor":10,"key":"Gremlin Horn"},{"floor":25,"key":"Ancient Tea Set"},{"floor":26,"key":"Strawberry"}],"event_choices":[{"damage_healed":18,"gold_gain":0,"player_choice":"Healed","damage_taken":0,"max_hp_gain":0,"max_hp_loss":0,"event_name":"The Cleric","floor":2,"gold_loss":35},{"damage_healed":0,"gold_gain":0,"player_choice":"Ignored","damage_taken":0,"max_hp_gain":0,"max_hp_loss":0,"event_name":"Liars Game","floor":4,"gold_loss":0},{"damage_healed":0,"gold_gain":270,"player_choice":"GOLD GOLD GOLD ","damage_taken":27,"max_hp_gain":0,"max_hp_loss":0,"event_name":"Knowing Skull","floor":20,"potions_obtained":[],"gold_loss":0,"cards_obtained":[]},{"damage_healed":0,"gold_gain":0,"player_choice":"Shed Blood","damage_taken":26,"max_hp_gain":5,"max_hp_loss":0,"event_name":"Forgotten Altar","floor":24,"gold_loss":0},{"damage_healed":0,"gold_gain":0,"player_choice":"Fight","damage_taken":0,"max_hp_gain":0,"max_hp_loss":0,"event_name":"Colosseum","floor":28,"gold_loss":0},{"damage_healed":0,"gold_gain":0,"player_choice":"Fought Nobs","damage_taken":0,"max_hp_gain":0,"max_hp_loss":0,"event_name":"Colosseum","floor":28,"gold_loss":0}],"is_beta":false,"boss_relics":[{"not_picked":["Ectoplasm","SacredBark"],"picked":"Black Blood"}],"items_purged_floors":[],"is_endless":false,"potions_floor_spawned":[3,7,16,28],"killed_by":"Colosseum Nobs","ascension_level":20,"potion_discard_per_floor":[[],[],[],[],[],[],[],[],[],[],[],[],[],[],[],[],[],[],[],[],[],[],[],[],[],[],[],[]]}