{"neow_bonuses_skipped_log":["REMOVE_CARD","THREE_ENEMY_KILL","BOSS_RELIC"],"potions_obtained_entropic_brew":[[],[],[],[],[],[],[],[],[],[],[],[],[],[],[],[],[],[],[],[],[],[],[]],"neow_costs_skipped_log":["NONE","NONE","NONE"],"gold_per_floor":[10,20,38,62,72,72,87,87,112,123,156,22,51,81,93,181,193,222,234,110,120,131,131],"floor_reached":23,"playtime":906,"items_purged":["Strike_R"],"score":460,"play_id":"ef2e4a87-fba9-443a-b7fa-fcad1dd1c05b","local_time":"20231130195241","score_breakdown":["Floors Climbed (23): 115","Enemies Slain (10): 20","Exordium Elites Killed (2): 20","City Elites Killed (0): 0","Bosses Slain (1): 50","Stuffed: 50","Ascension (20): 205"],"is_ascension_mode":true,"potions_obtained_alchemize":[[],[],[],[],[],[],[],[],[],[],[],[],[],[],[],[],[],[],[],[],[],[],[]],"campfire_choices":[{"data":"Feed","floor":6,"key":"SMITH"},{"data":"Blood for Blood","floor":8,"key":"SMITH"},{"floor":15,"key":"REST"}],"lesson_learned_per_floor":[[],[],[],[],[],[],[],[],[],[],[],[],[],[],[],[],[],[],[],[],[],[],[]],"neow_cost":"NO_GOLD","improvable_cards":{},"seed_source_timestamp":119944600157100,"shop_contents":[{"floor":12,"relics":["Toy Ornithopter","Juzu Bracelet","Orrery"],"cards":["Heavy Blade","Sword Boomerang","Rage","Warcry","Forethought","Transmutation"],"potions":["DistilledChaos","Ancient Potion"]},{"floor":20,"relics":["Shovel","Incense Burner","Toolbox"],"cards":["Thunderclap","Heavy Blade","Rage","Havoc","Swift Strike","Thinking Ahead"],"potions":["Energy Potion","ColorlessPotion","BlessingOfTheForge"]}],"circlet_count":0,"master_deck":["AscendersBane","Strike_R","Strike_R","Strike_R","Strike_R","Defend_R","Defend_R","Defend_R","Defend_R","Bash","Feed+1","Cleave","Headbutt","Pommel Strike","Blood for Blood+1","Anger","Power Through","Evolve","Limit Break","Armaments","Impervious","Shrug It Off","Feel No Pain","Inflame","Pommel Strike"],"potion_use_per_floor":[[],[],[],[],[],[],[],[],[],[],["PowerPotion"],[],["FearPotion"],[],[],["PowerPotion","EssenceOfSteel"],[],[],[],[],["AttackPotion"],[],[]],"relics":["Burning Blood","Smiling Mask","Omamori","Pear","MawBank","Coffee Dripper"],"potions_floor_usage":[11,13,16,16,21],"damage_taken":[{"damage":7,"enemies":"Cultist","floor":1,"turns":4},{"damage":10,"enemies":"2 Louse","floor":2,"turns":3},{"damage":15,"enemies":"Small Slimes","floor":3,"turns":4},{"damage":17,"enemies":"Blue Slaver","floor":5,"turns":6},{"damage":17,"enemies":"Exordium Thugs","floor":7,"turns":4},{"damage":6,"enemies":"Exordium Wildlife","floor":10,"turns":3},{"damage":13,"enemies":"3 Sentries","floor":11,"turns":8},{"damage":45,"enemies":"Lagavulin","floor":13,"turns":8},{"damage":22,"enemies":"3 Louse","floor":14,"turns":3},{"damage":43,"enemies":"Hexaghost","floor":16,"turns":8},{"damage":40,"enemies":"Shell Parasite","floor":18,"turns":11},{"damage":17,"enemies":"Chosen","floor":21,"turns":6},{"damage":35,"enemies":"Shelled Parasite and Fungi","floor":22,"turns":6},{"damage":24,"enemies":"Book of Stabbing","floor":23,"turns":3}],"seed_played":"4556853422822803904","neow_bonus_log":{"cardsObtained":[],"cardsUpgraded":[],"cardsRemoved":[],"cardsTransformed":[],"relicsObtained":[],"maxHpGained":0,"goldGained":0,"damageTaken":0,"goldLost":99,"maxHpLost":0},"potions_obtained":[{"floor":3,"key":"PowerPotion"},{"floor":7,"key":"EssenceOfSteel"},{"floor":10,"key":"FearPotion"},{"floor":13,"key":"EssenceOfSteel"},{"floor":18,"key":"AttackPotion"}],"is_trial":false,"path_per_floor":["M","M","M","T","M","R","M","R","T","M","E","$","E","M","R","B",null,"M","?","$","M","M","E"],"character_chosen":"IRONCLAD","basemod:card_modifiers":[null,null,null,null,null,null,null,null,null,null,null,null,null,null,null,null,null,null,null,null,null,null,null,null,null],"items_purchased":["Evolve","PowerPotion","Inflame"],"campfire_rested":1,"item_purchase_floors":[12,12,20],"current_hp_per_floor":[70,69,63,63,55,55,48,48,48,52,59,59,24,12,47,10,90,60,60,60,49,24,0],"gold":131,"neow_bonus":"THREE_RARE_CARDS","is_prod":false,"is_daily":false,"rewards_skipped":[],"chose_seed":false,"campfire_upgraded":2,"win_rate":0,"floor_exit_playtime":[60,89,128,133,181,186,231,236,238,272,364,379,444,493,495,587,596,701,717,732,808,877],"timestamp":1701391961,"path_taken":["M","M","M","?","M","R","M","R","T","M","E","$","E","M","R","BOSS","M","?","$","M","M","E"],"build_version":"2022-12-18","purchased_purges":1,"victory":false,"max_hp_per_floor":[78,81,84,84,87,87,91,91,91,95,109,109,113,117,117,117,117,121,121,121,121,125,125],"relic_stats":{"counters":[14,77],"Omamori":0,"Smiling Mask":25,"MawBank":84,"obtain_stats":[{"Pear":11,"Omamori":9,"Coffee Dripper":17,"Smiling Mask":4,"MawBank":13,"Burning Blood":0},{"Pear":7,"Omamori":5,"Coffee Dripper":10,"Smiling Mask":3,"MawBank":8,"Burning Blood":0},{"Pear":32,"Omamori":21,"Coffee Dripper":51,"Smiling Mask":11,"MawBank":40,"Burning Blood":0}],"Burning Blood":78},"card_choices":[{"not_picked":["Impervious","Bludgeon"],"picked":"Feed","floor":0},{"not_picked":["Perfected Strike","Thunderclap"],"picked":"Cleave","floor":1},{"not_picked":["Sentinel","Rage"],"picked":"Headbutt","floor":2},{"not_picked":["Sever Soul","Sentinel"],"picked":"Pommel Strike","floor":3},{"not_picked":["Thunderclap","Reckless Charge"],"picked":"Blood for Blood","floor":5},{"not_picked":["Clash","Rampage"],"picked":"Anger","floor":7},{"not_picked":["Headbutt","Anger"],"picked":"Power Through","floor":10},{"not_picked":["Blood for Blood","Double Tap","Sever Soul"],"picked":"SKIP","floor":11},{"not_picked":["Flex","Perfected Strike"],"picked":"Limit Break","floor":13},{"not_picked":["Clash","Body Slam"],"picked":"Armaments","floor":14},{"not_picked":["Berserk","Bludgeon"],"picked":"Impervious","floor":16},{"not_picked":["Headbutt","Battle Trance"],"picked":"Shrug It Off","floor":18},{"not_picked":["Pummel","Rampage","True Grit","Pommel Strike","Iron Wave","Shrug It Off","Clash","Heavy Blade","Sentinel","Perfected Strike","Flex","Ghostly Armor","Cleave","Rage","Armaments","Wild Strike","Combust","Havoc","Thunderclap"],"picked":"Feel No Pain","floor":19},{"not_picked":["Iron Wave+1","Wild Strike","Sword Boomerang"],"picked":"SKIP","floor":21},{"not_picked":["Perfected Strike","Havoc"],"picked":"Pommel Strike","floor":22}],"player_experience":2374877,"relics_obtained":[{"floor":4,"key":"Smiling Mask"},{"floor":9,"key":"Omamori"},{"floor":11,"key":"Pear"},{"floor":13,"key":"MawBank"}],"event_choices":[{"damage_healed":0,"gold_gain":0,"player_choice":"Read","damage_taken":0,"max_hp_gain":0,"max_hp_loss":0,"event_name":"The Library","floor":19,"gold_loss":0,"cards_obtained":["Feel No Pain"]}],"is_beta":false,"boss_relics":[{"not_picked":["Philosopher\u0027s Stone","Velvet Choker"],"picked":"Coffee Dripper"}],"items_purged_floors":[20],"is_endless":false,"potions_floor_spawned":[3,7,10,13,18],"killed_by":"Book of Stabbing","ascension_level":20,"potion_discard_per_floor":[[],[],[],[],[],[],[],[],[],["EssenceOfSteel"],[],[],[],[],[],[],[],[],[],[],[],[],[]]}