{"neow_bonuses_skipped_log":["THREE_CARDS","TEN_PERCENT_HP_BONUS","BOSS_RELIC"],"neow_costs_skipped_log":["NONE","NONE","NONE"],"potions_obtained_entropic_brew":[[],[],[],[],[],[],[],[],[],[],[],[],[],[],[],[]],"gold_per_floor":[367,292,311,1,11,39,39,70,148,183,195,29,61,61,61,61],"floor_reached":16,"playtime":730,"items_purged":["Strike_R"],"score":256,"play_id":"18e3249d-f5ad-4d4a-87a0-2de3e9bb3a2c","local_time":"20231215133817","score_breakdown":["Floors Climbed (16): 80","Enemies Slain (4): 8","Exordium Elites Killed (4): 40","Bosses Slain (0): 0","Ascension (20): 128"],"is_ascension_mode":true,"potions_obtained_alchemize":[[],[],[],[],[],[],[],[],[],[],[],[],[],[],[],[]],"campfire_choices":[{"floor":7,"key":"REST"},{"data":"Fiend Fire","floor":15,"key":"SMITH"}],"lesson_learned_per_floor":[[],[],[],[],[],[],[],[],[],[],[],[],[],[],[],[]],"neow_cost":"TEN_PERCENT_HP_LOSS","improvable_cards":{},"seed_source_timestamp":881624113543300,"shop_contents":[{"floor":4,"relics":["Frozen Egg 2","Singing Bowl"],"cards":["Sever Soul","Dropkick","True Grit","Flex","Metallicize","Enlightenment","Panache"],"potions":["Dexterity Potion","Weak Potion"]},{"floor":12,"relics":["Bottled Flame","Gambling Chip"],"cards":["Clash","Feed","Shrug It Off","Flex","Feel No Pain","Dark Shackles","The Bomb"],"potions":["FairyPotion","Fire Potion","PowerPotion"]}],"circlet_count":0,"master_deck":["AscendersBane","Strike_R","Strike_R","Strike_R","Defend_R","Defend_R","Defend_R","Defend_R","Bash","Anger","Feel No Pain","Fiend Fire+1","Cleave","Disarm","Headbutt","Flame Barrier","Hemokinesis","Inflame","Shrug It Off+1"],"potion_use_per_floor":[[],[],[],[],[],[],[],["DistilledChaos"],[],["FearPotion"],[],[],[],[],[],["DistilledChaos","PowerPotion"]],"relics":["Burning Blood","Orrery","TungstenRod","Potion Belt","Letter Opener","Paper Frog","TheAbacus","Toxic Egg 2"],"potions_floor_usage":[8,10,16,16],"damage_taken":[{"damage":18,"enemies":"Jaw Worm","floor":1,"turns":6},{"damage":5,"enemies":"2 Louse","floor":3,"turns":3},{"damage":4,"enemies":"Small Slimes","floor":5,"turns":3},{"damage":39,"enemies":"Lagavulin","floor":6,"turns":9},{"damage":20,"enemies":"3 Sentries","floor":8,"turns":16},{"damage":5,"enemies":"Gremlin Nob","floor":10,"turns":3},{"damage":15,"enemies":"Blue Slaver","floor":11,"turns":3},{"damage":8,"enemies":"Lagavulin","floor":13,"turns":7},{"damage":46,"enemies":"Slime Boss","floor":16,"turns":10}],"green_key_taken_log":8,"seed_played":"-4191994752441824669","neow_bonus_log":{"cardsObtained":[],"cardsUpgraded":[],"cardsRemoved":[],"cardsTransformed":[],"relicsObtained":[],"maxHpGained":0,"goldGained":250,"damageTaken":0,"goldLost":0,"maxHpLost":7},"potions_obtained":[{"floor":6,"key":"DistilledChaos"},{"floor":8,"key":"FearPotion"},{"floor":10,"key":"PowerPotion"},{"floor":13,"key":"DuplicationPotion"}],"is_trial":false,"path_per_floor":["M","?","M","$","M","E","R","E","T","E","M","$","E","?","R","B"],"character_chosen":"IRONCLAD","basemod:card_modifiers":[null,null,null,null,null,null,null,null,null,null,null,null,null,null,null,null,null,null,null],"items_purchased":["Orrery","DistilledChaos","TheAbacus"],"campfire_rested":1,"item_purchase_floors":[4,4,12],"current_hp_per_floor":[56,56,57,57,59,26,46,32,32,33,24,24,22,44,44,0],"gold":61,"neow_bonus":"TWO_FIFTY_GOLD","is_prod":false,"is_daily":false,"rewards_skipped":[],"chose_seed":false,"campfire_upgraded":1,"win_rate":0,"floor_exit_playtime":[65,74,100,202,231,299,302,463,466,503,531,544,594,597,611],"timestamp":1702665497,"path_taken":["M","?","M","$","M","E","R","E","T","E","M","$","E","?","R","BOSS"],"build_version":"2022-12-18","purchased_purges":1,"victory":false,"max_hp_per_floor":[68,68,68,68,68,68,68,68,68,68,68,68,68,68,68,68],"relic_stats":{"TheAbacus":[30],"counters":[9,60],"Letter Opener":[0],"obtain_stats":[{"Potion Belt":8,"TheAbacus":12,"Orrery":4,"Letter Opener":9,"Toxic Egg 2":13,"Burning Blood":0,"TungstenRod":6,"Paper Frog":10},{"Potion Belt":5,"TheAbacus":7,"Orrery":2,"Letter Opener":5,"Toxic Egg 2":8,"Burning Blood":0,"TungstenRod":4,"Paper Frog":6},{"Potion Belt":37,"TheAbacus":43,"Orrery":9,"Letter Opener":37,"Toxic Egg 2":50,"Burning Blood":0,"TungstenRod":21,"Paper Frog":40}],"Burning Blood":48,"TungstenRod":19},"card_choices":[{"not_picked":["Heavy Blade","Clothesline"],"picked":"Anger","floor":1},{"not_picked":["Shrug It Off","Iron Wave"],"picked":"Feel No Pain","floor":3},{"not_picked":["Pommel Strike","Rupture"],"picked":"Fiend Fire","floor":4},{"not_picked":["Brutality","Disarm"],"picked":"Cleave","floor":4},{"not_picked":["Iron Wave","Warcry"],"picked":"Disarm","floor":4},{"not_picked":["Evolve","Infernal Blade","Entrench"],"picked":"SKIP","floor":4},{"not_picked":["Uppercut","Entrench","Wild Strike"],"picked":"SKIP","floor":4},{"not_picked":["Iron Wave","Twin Strike"],"picked":"Headbutt","floor":5},{"not_picked":["Sword Boomerang","Entrench"],"picked":"Flame Barrier","floor":6},{"not_picked":["Sword Boomerang","Armaments","Wild Strike"],"picked":"SKIP","floor":8},{"not_picked":["Headbutt","Perfected Strike"],"picked":"Hemokinesis","floor":10},{"not_picked":["Heavy Blade","Body Slam"],"picked":"Inflame","floor":11},{"not_picked":["Reckless Charge","Iron Wave"],"picked":"Shrug It Off+1","floor":13}],"player_experience":2401211,"relics_obtained":[{"floor":6,"key":"TungstenRod"},{"floor":8,"key":"Potion Belt"},{"floor":9,"key":"Letter Opener"},{"floor":10,"key":"Paper Frog"},{"floor":13,"key":"Toxic Egg 2"}],"event_choices":[{"cards_removed":["Strike_R"],"damage_healed":0,"gold_gain":0,"player_choice":"Card Removal","damage_taken":0,"max_hp_gain":0,"max_hp_loss":0,"event_name":"The Cleric","floor":2,"gold_loss":75},{"damage_healed":22,"gold_gain":0,"player_choice":"Banana","damage_taken":0,"max_hp_gain":0,"max_hp_loss":0,"event_name":"Big Fish","floor":14,"gold_loss":0}],"is_beta":false,"boss_relics":[],"items_purged_floors":[4],"is_endless":false,"potions_floor_spawned":[6,8,10,13],"killed_by":"Slime Boss","ascension_level":20,"potion_discard_per_floor":[[],[],[],[],[],[],[],[],[],[],[],[],[],[],[],[]]}