{"neow_bonuses_skipped_log":["ONE_RANDOM_RARE_CARD","REMOVE_TWO","BOSS_RELIC"],"potions_obtained_entropic_brew":[[],[],[],[],[],[],[],[]],"neow_costs_skipped_log":["NONE","TEN_PERCENT_HP_LOSS","NONE"],"gold_per_floor":[116,136,136,136,31,56,56,56],"floor_reached":8,"playtime":331,"items_purged":[],"score":108,"play_id":"a87f9b1e-9edb-40d2-acc3-1c4bad45dd41","local_time":"20240531075301","score_breakdown":["Floors Climbed (8): 40","Enemies Slain (2): 4","Exordium Elites Killed (1): 10","Bosses Slain (0): 0","Ascension (20): 54"],"is_ascension_mode":true,"potions_obtained_alchemize":[[],[],[],[],[],[],[],[]],"campfire_choices":[{"data":"Inflame","floor":7,"key":"SMITH"}],"lesson_learned_per_floor":[[],[],[],[],[],[],[],[]],"neow_cost":"NONE","improvable_cards":{},"seed_source_timestamp":1233930738307400,"shop_contents":[{"floor":5,"relics":["Whetstone","InkBottle","PrismaticShard"],"cards":["Blood for Blood","Sever Soul","Disarm","Madness","Magnetism"],"potions":["EntropicBrew","Block Potion","DuplicationPotion"]}],"circlet_count":0,"master_deck":["AscendersBane","Strike_R+1","Strike_R","Strike_R","Strike_R","Strike_R","Defend_R+1","Defend_R","Defend_R","Defend_R","Bash","Sword Boomerang","Inflame+1","Shrug It Off"],"potion_use_per_floor":[[],[],[],[],[],[],[],["Regen Potion"]],"relics":["Burning Blood","Potion Belt","Juzu Bracelet"],"potions_floor_usage":[8],"damage_taken":[{"damage":6,"enemies":"Cultist","floor":1,"turns":3},{"damage":7,"enemies":"Small Slimes","floor":2,"turns":4},{"damage":32,"enemies":"Gremlin Nob","floor":6,"turns":4},{"damage":35,"enemies":"Lagavulin","floor":8,"turns":8}],"seed_played":"4518432151275065622","neow_bonus_log":{"cardsObtained":[],"cardsUpgraded":[],"cardsRemoved":[],"cardsTransformed":[],"relicsObtained":["Potion Belt"],"maxHpGained":0,"goldGained":0,"damageTaken":0,"goldLost":0,"maxHpLost":0},"potions_obtained":[{"floor":2,"key":"Regen Potion"}],"is_trial":false,"path_per_floor":["M","M","?","?","$","E","R","E"],"character_chosen":"IRONCLAD","basemod:card_modifiers":[null,null,null,null,null,null,null,null,null,null,null,null,null,null],"items_purchased":["Inflame","Shrug It Off"],"campfire_rested":0,"item_purchase_floors":[5,5],"current_hp_per_floor":[68,67,44,49,49,23,23,3],"gold":56,"neow_bonus":"RANDOM_COMMON_RELIC","is_prod":false,"is_daily":false,"rewards_skipped":[],"chose_seed":false,"campfire_upgraded":1,"win_rate":0,"floor_exit_playtime":[90,134,138,148,203,247,253],"timestamp":1717156381,"path_taken":["M","M","?","?","$","E","R","E"],"build_version":"2022-12-18","purchased_purges":0,"victory":false,"max_hp_per_floor":[75,75,75,75,75,75,75,75],"relic_stats":{"counters":[4,19],"Juzu Bracelet":0,"obtain_stats":[{"Potion Belt":0,"Juzu Bracelet":6,"Burning Blood":0},{"Potion Belt":0,"Juzu Bracelet":3,"Burning Blood":0},{"Potion Belt":0,"Juzu Bracelet":11,"Burning Blood":0}],"Burning Blood":18},"card_choices":[{"not_picked":["True Grit","Flex"],"picked":"Sword Boomerang","floor":1},{"not_picked":["Disarm","Intimidate"],"picked":"Sword Boomerang","floor":2},{"not_picked":["Evolve","Searing Blow","Sever Soul"],"picked":"SKIP","floor":6}],"player_experience":2408439,"relics_obtained":[{"floor":6,"key":"Juzu Bracelet"}],"event_choices":[{"damage_healed":0,"gold_gain":0,"player_choice":"Entered Light","damage_taken":23,"max_hp_gain":0,"max_hp_loss":0,"event_name":"Shining Light","floor":3,"gold_loss":0,"cards_upgraded":["Defend_R","Strike_R"]},{"cards_removed":["Sword Boomerang"],"damage_healed":5,"gold_gain":0,"player_choice":"Offered Common","damage_taken":0,"max_hp_gain":0,"max_hp_loss":0,"event_name":"Bonfire Elementals","floor":4,"gold_loss":0},{"cards_removed":["Sword Boomerang"],"damage_healed":5,"gold_gain":0,"player_choice":"Offered Special","damage_taken":0,"max_hp_gain":0,"max_hp_loss":0,"event_name":"Bonfire Elementals","floor":4,"gold_loss":0}],"is_beta":false,"boss_relics":[],"items_purged_floors":[],"is_endless":false,"potions_floor_spawned":[2],"killed_by":"Lagavulin","ascension_level":20,"potion_discard_per_floor":[[],[],[],[],[],[],[],[]]}