{"neow_bonuses_skipped_log":["THREE_CARDS","RANDOM_COLORLESS_2","BOSS_RELIC"],"potions_obtained_entropic_brew":[[],[],[],[],[],[],[],[],[],[],[],[],[],[],[],[],[],[],[],[],[],[],[],[],[],[],[],[],[],[],[],[],[]],"neow_costs_skipped_log":["NONE","TEN_PERCENT_HP_LOSS","NONE"],"gold_per_floor":[216,216,232,248,42,73,73,100,100,134,164,175,203,203,203,284,284,303,322,247,162,162,162,162,199,199,234,79,107,107,132,132,132],"floor_reached":33,"playtime":1454,"items_purged":["Strike_R+1"],"score":742,"play_id":"5641b1e3-eedc-432e-ad84-20b99a645d17","local_time":"20240609181401","score_breakdown":["Floors Climbed (33): 165","Enemies Slain (8): 16","Exordium Elites Killed (3): 30","City Elites Killed (3): 60","Bosses Slain (1): 50","Stuffed: 50","Champion (1): 25","Ascension (20): 346"],"is_ascension_mode":true,"potions_obtained_alchemize":[[],[],[],[],[],[],[],[],[],[],[],[],[],[],[],[],[],[],[],[],[],[],[],[],[],[],[],[],[],[],[],[],[]],"campfire_choices":[{"data":"Wild Strike","floor":7,"key":"SMITH"},{"data":"True Grit","floor":15,"key":"SMITH"},{"data":"Feed","floor":23,"key":"SMITH"},{"data":"Evolve","floor":30,"key":"SMITH"},{"floor":32,"key":"REST"}],"lesson_learned_per_floor":[[],[],[],[],[],[],[],[],[],[],[],[],[],[],[],[],[],[],[],[],[],[],[],[],[],[],[],[],[],[],[],[],[]],"neow_cost":"NONE","improvable_cards":{},"seed_source_timestamp":2047674300746300,"shop_contents":[{"floor":5,"relics":["Sundial","StrikeDummy"],"cards":["Hemokinesis","Cleave","Exhume","Rupture","PanicButton","Secret Weapon"],"potions":["FearPotion","Fire Potion","Weak Potion"]},{"floor":28,"relics":["Unceasing Top","Letter Opener","Strange Spoon"],"cards":["Searing Blow","Body Slam","Disarm","Double Tap","Metallicize","Madness","Transmutation"],"potions":["AttackPotion","Block Potion","ColorlessPotion"]}],"circlet_count":0,"master_deck":["AscendersBane","Strike_R+1","Strike_R+1","Strike_R+1","Defend_R+1","Defend_R+1","Defend_R+1","Defend_R+1","Bash","Wild Strike+1","Entrench","Reckless Charge","Shockwave","Battle Trance","Shrug It Off","Feed+1","True Grit+1","Rampage","Fiend Fire","Carnage","Impervious","Evolve+1","Burning Pact","Shockwave","Feel No Pain","Dark Embrace","Blood for Blood+1"],"potion_use_per_floor":[[],[],[],[],[],["FearPotion","Explosive Potion"],[],[],[],["LiquidMemories"],[],[],[],[],[],["Regen Potion"],[],[],[],[],[],[],[],[],["Swift Potion"],[],["Weak Potion","Block Potion"],[],[],[],[],[],["PowerPotion"]],"relics":["Burning Blood","Membership Card","Pocketwatch","Blue Candle","Mercury Hourglass","CeramicFish","Pantograph","Snecko Eye","PreservedInsect","The Courier","Potion Belt","Red Skull","Strawberry"],"potions_floor_usage":[6,6,10,16,25,27,27,33],"damage_taken":[{"damage":2,"enemies":"2 Louse","floor":1,"turns":3},{"damage":6,"enemies":"Cultist","floor":3,"turns":3},{"damage":0,"enemies":"Small Slimes","floor":4,"turns":2},{"damage":11,"enemies":"Gremlin Nob","floor":6,"turns":3},{"damage":25,"enemies":"3 Sentries","floor":8,"turns":5},{"damage":8,"enemies":"Gremlin Nob","floor":10,"turns":3},{"damage":1,"enemies":"2 Fungi Beasts","floor":12,"turns":3},{"damage":4,"enemies":"Looter","floor":13,"turns":4},{"damage":19,"enemies":"The Guardian","floor":16,"turns":13},{"damage":0,"enemies":"Chosen","floor":18,"turns":2},{"damage":20,"enemies":"3 Byrds","floor":19,"turns":5},{"damage":16,"enemies":"Gremlin Leader","floor":25,"turns":5},{"damage":11,"enemies":"Book of Stabbing","floor":27,"turns":4},{"damage":0,"enemies":"Gremlin Leader","floor":29,"turns":5},{"damage":22,"enemies":"Shelled Parasite and Fungi","floor":31,"turns":3},{"damage":99,"enemies":"Automaton","floor":33,"turns":8}],"green_key_taken_log":25,"seed_played":"-8954051453388950553","neow_bonus_log":{"cardsObtained":[],"cardsUpgraded":[],"cardsRemoved":[],"cardsTransformed":[],"relicsObtained":[],"maxHpGained":0,"goldGained":100,"damageTaken":0,"goldLost":0,"maxHpLost":0},"potions_obtained":[{"floor":1,"key":"Explosive Potion"},{"floor":3,"key":"FearPotion"},{"floor":6,"key":"LiquidMemories"},{"floor":8,"key":"Weak Potion"},{"floor":13,"key":"Regen Potion"},{"floor":18,"key":"Swift Potion"},{"floor":25,"key":"Block Potion"},{"floor":29,"key":"PowerPotion"}],"is_trial":false,"path_per_floor":["M","?","M","M","$","E","R","E","T","E","?","M","M","?","R","B",null,"M","M","?","?","?","R","?","E","T","E","$","E","R","M","R","B"],"character_chosen":"IRONCLAD","basemod:card_modifiers":[null,null,null,null,null,null,null,null,null,null,null,null,null,null,null,null,null,null,null,null,null,null,null,null,null,null,null],"items_purchased":["Membership Card","Battle Trance","Evolve","Burning Pact","Shockwave","Feel No Pain","Dark Embrace"],"campfire_rested":1,"item_purchase_floors":[5,5,28,28,28,28,28],"current_hp_per_floor":[72,72,72,75,75,70,70,51,51,52,52,60,65,40,40,70,83,87,76,76,76,76,76,49,43,43,38,38,51,51,39,72,0],"gold":132,"neow_bonus":"HUNDRED_GOLD","is_prod":false,"is_daily":false,"rewards_skipped":[{"floor":19,"relics":[],"potions":["Weak Potion"]}],"chose_seed":false,"campfire_upgraded":4,"win_rate":0,"floor_exit_playtime":[41,59,83,101,118,144,153,228,231,271,279,311,373,376,385,556,588,620,722,726,730,747,754,757,873,876,941,966,1077,1092,1146,1150],"timestamp":1717971241,"path_taken":["M","?","M","?","$","E","R","E","T","E","?","M","M","?","R","BOSS","M","M","?","?","?","R","?","E","T","E","$","E","R","M","R","BOSS"],"build_version":"2022-12-18","purchased_purges":1,"victory":false,"max_hp_per_floor":[75,75,75,75,75,75,75,75,75,78,78,81,84,84,84,87,87,87,90,90,90,90,90,95,99,99,99,99,106,106,110,110,110],"relic_stats":{"counters":[16,71],"Blue Candle":[0],"CeramicFish":99,"Pantograph":50,"Snecko Eye":[73,76,85,67,-86],"PreservedInsect":139,"The Courier":327,"Membership Card":327,"obtain_stats":[{"Potion Belt":26,"Blue Candle":8,"CeramicFish":10,"PreservedInsect":21,"The Courier":25,"Burning Blood":0,"Mercury Hourglass":9,"Pantograph":11,"Strawberry":29,"Snecko Eye":17,"Membership Card":5,"Red Skull":27,"Pocketwatch":6},{"Potion Belt":12,"Blue Candle":5,"CeramicFish":6,"PreservedInsect":11,"The Courier":12,"Burning Blood":0,"Mercury Hourglass":5,"Pantograph":6,"Strawberry":14,"Snecko Eye":9,"Membership Card":3,"Red Skull":13,"Pocketwatch":4},{"Potion Belt":51,"Blue Candle":16,"CeramicFish":19,"PreservedInsect":46,"The Courier":51,"Burning Blood":0,"Mercury Hourglass":16,"Pantograph":19,"Strawberry":60,"Snecko Eye":39,"Membership Card":8,"Red Skull":55,"Pocketwatch":11}],"Burning Blood":85,"Pocketwatch":[97],"Mercury Hourglass":[213]},"card_choices":[{"not_picked":["Dropkick","Sword Boomerang"],"picked":"Wild Strike","floor":1},{"not_picked":["True Grit","Disarm"],"picked":"Reckless Charge","floor":3},{"not_picked":["Warcry","Anger"],"picked":"Shockwave","floor":4},{"not_picked":["Shockwave","Clash"],"picked":"Shrug It Off","floor":6},{"not_picked":["Battle Trance","Dual Wield"],"picked":"Feed","floor":8},{"not_picked":["Havoc","Heavy Blade"],"picked":"True Grit","floor":10},{"not_picked":["Twin Strike","Havoc","Thunderclap"],"picked":"SKIP","floor":12},{"not_picked":["Flex","Heavy Blade"],"picked":"Rampage","floor":13},{"not_picked":["Double Tap","Juggernaut"],"picked":"Fiend Fire","floor":16},{"not_picked":["Armaments","Warcry","Cleave"],"picked":"SKIP","floor":18},{"not_picked":["Ghostly Armor","Anger"],"picked":"Carnage","floor":19},{"not_picked":["Flex","Twin Strike"],"picked":"Impervious","floor":25},{"not_picked":["Flex","Ghostly Armor","Thunderclap"],"picked":"SKIP","floor":27},{"not_picked":["Carnage","Cleave","Warcry"],"picked":"SKIP","floor":29},{"not_picked":["Iron Wave","Flex"],"picked":"Blood for Blood+1","floor":31}],"player_experience":2427818,"relics_obtained":[{"floor":6,"key":"Pocketwatch"},{"floor":8,"key":"Blue Candle"},{"floor":9,"key":"Mercury Hourglass"},{"floor":10,"key":"CeramicFish"},{"floor":25,"key":"The Courier"},{"floor":26,"key":"Potion Belt"},{"floor":27,"key":"Red Skull"},{"floor":29,"key":"Strawberry"}],"event_choices":[{"damage_healed":0,"gold_gain":0,"player_choice":"1 cards matched","damage_taken":0,"max_hp_gain":0,"max_hp_loss":0,"event_name":"Match and Keep!","floor":2,"gold_loss":0,"cards_obtained":["Entrench"]},{"damage_healed":0,"gold_gain":30,"player_choice":"Searched \u00272\u0027 times","damage_taken":0,"relics_obtained":["Pantograph"],"max_hp_gain":0,"max_hp_loss":0,"event_name":"Dead Adventurer","floor":11,"gold_loss":0},{"damage_healed":0,"gold_gain":0,"player_choice":"Entered Light","damage_taken":25,"max_hp_gain":0,"max_hp_loss":0,"event_name":"Shining Light","floor":14,"gold_loss":0,"cards_upgraded":["Strike_R","Defend_R"]},{"cards_removed":["Strike_R"],"damage_healed":0,"gold_gain":0,"player_choice":"Gave Gold","damage_taken":0,"max_hp_gain":0,"max_hp_loss":0,"event_name":"Beggar","floor":20,"gold_loss":75},{"damage_healed":0,"gold_gain":0,"player_choice":"Obtained Relic","damage_taken":0,"relics_obtained":["PreservedInsect"],"max_hp_gain":0,"max_hp_loss":0,"event_name":"Addict","floor":21,"gold_loss":85},{"damage_healed":0,"gold_gain":0,"player_choice":"Simplicity","damage_taken":0,"max_hp_gain":0,"max_hp_loss":0,"event_name":"Back to Basics","floor":22,"gold_loss":0,"cards_upgraded":["Strike_R","Strike_R","Strike_R","Defend_R","Defend_R","Defend_R"]},{"damage_healed":0,"gold_gain":0,"player_choice":"Shed Blood","damage_taken":32,"max_hp_gain":5,"max_hp_loss":0,"event_name":"Forgotten Altar","floor":24,"gold_loss":0}],"is_beta":false,"boss_relics":[{"not_picked":["Runic Cube","Busted Crown"],"picked":"Snecko Eye"}],"items_purged_floors":[28],"is_endless":false,"potions_floor_spawned":[1,3,6,8,13,18,19,25,29],"killed_by":"Automaton","ascension_level":20,"potion_discard_per_floor":[[],[],[],[],[],[],[],[],[],[],[],[],[],[],[],[],[],[],[],[],[],[],[],[],[],[],[],[],[],[],[],[],[]]}