{"neow_bonuses_skipped_log":["THREE_CARDS","THREE_RARE_CARDS","BOSS_RELIC"],"neow_costs_skipped_log":["NONE","CURSE","NONE"],"potions_obtained_entropic_brew":[[],[],[],[],[],[],[],[],[],[],[],[],[],[],[],["Regen Potion","SkillPotion"],[],[],[],[],[],[],[],[],[],[],[],[],[],[],[],[],[],[],[],[],[],[],[],[]],"gold_per_floor":[118,142,170,170,197,197,234,234,315,315,355,109,109,109,109,192,192,219,144,168,178,199,199,239,262,262,262,262,94,108,147,147,231,231,260,260,286,298,325,325],"floor_reached":40,"playtime":2237,"items_purged":["Strike_R","Strike_R"],"score":880,"play_id":"94598fb6-927c-4e26-a071-5d7991413011","local_time":"20240531010112","score_breakdown":["Floors Climbed (40): 200","Enemies Slain (15): 30","Exordium Elites Killed (2): 20","City Elites Killed (2): 40","Beyond Elites Killed (0): 0","Bosses Slain (2): 150","Ascension (20): 440"],"is_ascension_mode":true,"potions_obtained_alchemize":[[],[],[],[],[],[],[],[],[],[],[],[],[],[],[],[],[],[],[],[],[],[],[],[],[],[],[],[],[],[],[],[],[],[],[],[],[],[],[],[]],"campfire_choices":[{"floor":6.0,"key":"REST"},{"data":"1","floor":8.0,"key":"LIFT"},{"floor":10.0,"key":"REST"},{"data":"Apotheosis","floor":13,"key":"SMITH"},{"data":"2","floor":15,"key":"LIFT"},{"data":"3","floor":23,"key":"LIFT"},{"data":"Dark Embrace","floor":27,"key":"SMITH"},{"data":"Corruption","floor":32,"key":"SMITH"}],"lesson_learned_per_floor":[[],[],[],[],[],[],[],[],[],[],[],[],[],[],[],[],[],[],[],[],[],[],[],[],[],[],[],[],[],[],[],[],[],[],[],[],[],[],[],[]],"neow_cost":"NONE","improvable_cards":{},"seed_source_timestamp":1207302317023500,"shop_contents":[{"floor":12,"relics":["InkBottle","Akabeko","Frozen Eye"],"cards":["Anger","Carnage","Flex","Armaments","Metallicize","Dramatic Entrance"],"potions":["SpeedPotion","EssenceOfSteel","Weak Potion"]},{"floor":29,"relics":["Orichalcum","Frozen Egg 2","Brimstone"],"cards":["Headbutt","True Grit","Shrug It Off","Metallicize","Bandage Up","Apotheosis"],"potions":["Ancient Potion","Strength Potion","Fire Potion"]}],"circlet_count":0,"master_deck":["AscendersBane","Strike_R","Strike_R","Defend_R","Defend_R","Defend_R+1","Defend_R","Bash","Ghostly Armor+1","Headbutt","Armaments","Sever Soul","Anger","Battle Trance","Apotheosis+1","Corruption+1","Feel No Pain","True Grit","Feel No Pain","Dark Embrace+1","Whirlwind","Uppercut","Shrug It Off","Juggernaut","Warcry","Bloodletting","Dark Embrace+1"],"special_seed":0,"potion_use_per_floor":[[],[],[],[],[],[],["CultistPotion"],[],[],[],["Strength Potion"],[],[],[],[],["EntropicBrew","SkillPotion"],[],["Regen Potion"],[],[],[],[],[],[],["ElixirPotion"],[],[],[],[],[],["AttackPotion"],[],["ElixirPotion"],[],[],["SmokeBomb"],[],[],[],["BloodPotion"]],"relics":["Burning Blood","CeramicFish","Girya","Anchor","Pantograph","Ornamental Fan","Coffee Dripper","Meat on the Bone","Torii","Nilry\u0027s Codex","War Paint","Black Star"],"potions_floor_usage":[11,16,16,18,25,31,33,36,40],"damage_taken":[{"damage":16.0,"enemies":"Jaw Worm","floor":1.0,"turns":4.0},{"damage":17.0,"enemies":"Cultist","floor":2.0,"turns":5.0},{"damage":0.0,"enemies":"Small Slimes","floor":3.0,"turns":3.0},{"damage":33.0,"enemies":"Exordium Thugs","floor":5.0,"turns":12.0},{"damage":30.0,"enemies":"3 Sentries","floor":7.0,"turns":8.0},{"damage":8,"enemies":"Gremlin Nob","floor":11,"turns":3},{"damage":34,"enemies":"Hexaghost","floor":16,"turns":8},{"damage":11,"enemies":"Shell Parasite","floor":18,"turns":4},{"damage":0,"enemies":"Spheric Guardian","floor":20,"turns":4},{"damage":3,"enemies":"Snake Plant","floor":21,"turns":4},{"damage":21,"enemies":"Centurion and Healer","floor":22,"turns":5},{"damage":20,"enemies":"Gremlin Leader","floor":24,"turns":6},{"damage":10,"enemies":"3 Cultists","floor":25,"turns":6},{"damage":9,"enemies":"Snecko","floor":30,"turns":5},{"damage":1,"enemies":"Slavers","floor":31,"turns":4},{"damage":28,"enemies":"Collector","floor":33,"turns":7},{"damage":21,"enemies":"Orb Walker","floor":35,"turns":4},{"damage":0,"enemies":"3 Shapes","floor":36,"turns":3},{"damage":22,"enemies":"3 Darklings","floor":37,"turns":3},{"damage":13,"enemies":"Writhing Mass","floor":38,"turns":7},{"damage":23,"enemies":"Transient","floor":39,"turns":6},{"damage":74,"enemies":"Reptomancer","floor":40,"turns":3}],"seed_played":"2801692575911698690","neow_bonus_log":{"cardsObtained":[],"cardsUpgraded":[],"cardsRemoved":[],"cardsTransformed":[],"relicsObtained":["CeramicFish"],"maxHpGained":0,"goldGained":0,"damageTaken":0,"goldLost":0,"maxHpLost":0},"potions_obtained":[{"floor":1.0,"key":"Strength Potion"},{"floor":2.0,"key":"CultistPotion"},{"floor":11,"key":"EntropicBrew"},{"floor":18,"key":"ElixirPotion"},{"floor":21,"key":"ElixirPotion"},{"floor":25,"key":"AttackPotion"},{"floor":33,"key":"SmokeBomb"},{"floor":37,"key":"BloodPotion"}],"is_trial":false,"path_per_floor":["M","M","M","?","M","R","E","R","T","R","E","$","R","?","R","B",null,"M","?","M","M","M","R","E","M","T","R","?","$","M","E","R","B",null,"M","M","M","M","M","E"],"character_chosen":"IRONCLAD","basemod:card_modifiers":[null,null,null,null,null,null,null,null,null,null,null,null,null,null,null,null,null,null,null,null,null,null,null,null,null,null,null],"items_purchased":["Apotheosis","Uppercut"],"campfire_rested":2,"item_purchase_floors":[12,29],"current_hp_per_floor":[58,47,53,42,15,37,13,13,13,35,33,33,33,33,33,30,64,71,71,75,75,60,60,46,54,54,54,33,33,42,47,47,50,69,54,60,44,49,44,0],"gold":325,"neow_bonus":"RANDOM_COMMON_RELIC","is_prod":false,"is_daily":false,"rewards_skipped":[],"chose_seed":false,"campfire_upgraded":3,"win_rate":0,"floor_exit_playtime":[81,163,192,197,323,331,432,447,450,452,492,539,545,549,552,680,711,772,789,848,903,984,988,1084,1187,1198,1204,1214,1284,1363,1480,1486,1743,1766,1824,1872,1939,2051,2174],"timestamp":1717131672,"path_taken":["M","M","M","?","M","R","E","R","T","R","E","$","R","?","R","BOSS","M","?","M","?","M","R","E","M","T","R","?","$","M","E","R","BOSS","M","M","M","M","M","E"],"build_version":"2022-12-18","purchased_purges":2,"victory":false,"max_hp_per_floor":[75,75,75,75,75,75,75,75,75,75,75,75,75,75,75,75,75,75,75,75,75,75,75,75,75,75,75,75,75,75,75,75,75,75,75,75,75,75,75,75],"relic_stats":{"Girya":3,"Torii":3,"counters":[22,114],"Ornamental Fan":[100],"Nilry\u0027s Codex":[1,11,7,16],"CeramicFish":171,"Pantograph":50,"Black Star":0,"War Paint":["Defend_R","Ghostly Armor"],"obtain_stats":[{"Girya":4,"Anchor":7,"Torii":26,"Ornamental Fan":11,"Nilry\u0027s Codex":28,"CeramicFish":0,"Pantograph":9,"Coffee Dripper":17,"Black Star":34,"War Paint":31,"Burning Blood":0,"Meat on the Bone":24},{"Girya":3,"Anchor":5,"Torii":13,"Ornamental Fan":6,"Nilry\u0027s Codex":13,"CeramicFish":0,"Pantograph":5,"Coffee Dripper":7,"Black Star":16,"War Paint":15,"Burning Blood":0,"Meat on the Bone":12},{"Girya":12,"Anchor":32,"Torii":72,"Ornamental Fan":35,"Nilry\u0027s Codex":72,"CeramicFish":0,"Pantograph":32,"Coffee Dripper":43,"Black Star":88,"War Paint":81,"Burning Blood":0,"Meat on the Bone":66}],"Burning Blood":121,"Meat on the Bone":48},"card_choices":[{"not_picked":["Second Wind","True Grit"],"picked":"Ghostly Armor","floor":1.0},{"not_picked":["Clothesline","Dual Wield"],"picked":"Headbutt","floor":2.0},{"not_picked":["Evolve","Warcry"],"picked":"Armaments","floor":3.0},{"not_picked":["Disarm","Heavy Blade"],"picked":"Sever Soul","floor":5.0},{"not_picked":["Hemokinesis","Thunderclap"],"picked":"Anger","floor":7.0},{"not_picked":["Dropkick","Berserk"],"picked":"Battle Trance","floor":11},{"not_picked":["Bludgeon","Impervious"],"picked":"Corruption","floor":16},{"not_picked":["Spot Weakness","True Grit"],"picked":"Feel No Pain","floor":18},{"not_picked":["Headbutt+1","Searing Blow"],"picked":"True Grit","floor":20},{"not_picked":["Anger","Heavy Blade","Rage"],"picked":"SKIP","floor":21},{"not_picked":["Cleave","Brutality"],"picked":"Feel No Pain","floor":22},{"not_picked":["Clash","Anger"],"picked":"Dark Embrace","floor":24},{"not_picked":["True Grit","Bludgeon"],"picked":"Whirlwind","floor":25},{"not_picked":["Cleave","Thunderclap","Whirlwind"],"picked":"SKIP","floor":30},{"not_picked":["Carnage","Cleave"],"picked":"Shrug It Off","floor":31},{"not_picked":["Brutality","Exhume"],"picked":"Juggernaut","floor":33},{"not_picked":["Thunderclap","Havoc+1"],"picked":"Warcry","floor":35},{"not_picked":["Iron Wave+1","Twin Strike"],"picked":"Bloodletting","floor":37},{"not_picked":["True Grit","Iron Wave","Twin Strike"],"picked":"SKIP","floor":38},{"not_picked":["Entrench","Flex"],"picked":"Dark Embrace+1","floor":39}],"player_experience":2403370,"relics_obtained":[{"floor":7.0,"key":"Anchor"},{"floor":9.0,"key":"Pantograph"},{"floor":11,"key":"Ornamental Fan"},{"floor":24,"key":"Meat on the Bone"},{"floor":26,"key":"Torii"},{"floor":28,"key":"Nilry\u0027s Codex"},{"floor":31,"key":"War Paint"}],"event_choices":[{"damage_healed":0.0,"max_hp_gain":0.0,"max_hp_loss":0.0,"gold_gain":0.0,"event_name":"Scrap Ooze","player_choice":"Success","floor":4.0,"gold_loss":0.0,"damage_taken":11.0,"relics_obtained":["Girya"]},{"damage_healed":0,"gold_gain":0,"player_choice":"Ignored","damage_taken":0,"max_hp_gain":0,"max_hp_loss":0,"event_name":"Liars Game","floor":14,"gold_loss":0},{"cards_removed":["Strike_R"],"damage_healed":0,"gold_gain":0,"player_choice":"Single Remove","damage_taken":0,"max_hp_gain":0,"max_hp_loss":0,"event_name":"Designer","floor":19,"gold_loss":75},{"damage_healed":0,"gold_gain":0,"player_choice":"Obtained Book","damage_taken":21,"max_hp_gain":0,"max_hp_loss":0,"event_name":"Cursed Tome","floor":28,"gold_loss":0}],"is_beta":false,"boss_relics":[{"not_picked":["Astrolabe","Velvet Choker"],"picked":"Coffee Dripper"},{"not_picked":["Snecko Eye","Black Blood"],"picked":"Black Star"}],"items_purged_floors":[12,29],"is_endless":false,"potions_floor_spawned":[1,2,11,18,21,25,33,36,37],"killed_by":"Reptomancer","ascension_level":20,"potion_discard_per_floor":[[],[],[],[],[],[],[],[],[],[],[],[],[],[],[],[],[],[],[],[],[],[],[],[],[],[],[],[],[],[],[],[],[],[],[],[],[],[],[],[]]}