{"neow_bonuses_skipped_log":["UPGRADE_CARD","THREE_ENEMY_KILL","TWENTY_PERCENT_HP_BONUS"],"neow_costs_skipped_log":["NONE","NONE","NO_GOLD"],"potions_obtained_entropic_brew":[[],[],[],[],[],[],[],[],[],[],[],[],[],[],[],[],[],[],[],[],[],[],[],[],[],[],[],[],[],[],[],[],[],[],[],[],[],[],[],[],[],[],[],[],[],[],[],[],[],[],[],[],[],[],[],[]],"gold_per_floor":[111,186,203,39,39,94,94,128,155,155,172,201,201,218,218,295,295,309,309,323,46,64,94,112,112,112,112,129,149,182,194,194,267,267,282,301,301,315,315,645,676,676,676,704,281,291,291,305,305,305,305,305,305,44,77,77],"floor_reached":56,"playtime":2959,"items_purged":["Defend_R"],"score":2069,"play_id":"c45e9579-fa36-41af-aa63-89f0c19b9e8b","local_time":"20240611152635","falling_options_log":["Second Wind+1","Dark Embrace"],"score_breakdown":["Floors Climbed (56): 280","Enemies Slain (16): 32","Exordium Elites Killed (3): 30","City Elites Killed (2): 40","Beyond Elites Killed (3): 90","Bosses Slain (4): 500","Money Money (1163): 25","Champion (1): 25","Overkill: 25","Ascension (20): 1022"],"is_ascension_mode":true,"potions_obtained_alchemize":[[],[],[],[],[],[],[],[],[],[],[],[],[],[],[],[],[],[],[],[],[],[],[],[],[],[],[],[],[],[],[],[],[],[],[],[],[],[],[],[],[],[],[],[],[],[],[],[],[],[],[],[],[],[],[],[]],"campfire_choices":[{"floor":7.0,"key":"REST"},{"floor":10.0,"key":"REST"},{"floor":15,"key":"REST"},{"floor":25,"key":"REST"},{"floor":27,"key":"REST"},{"floor":32,"key":"REST"},{"floor":42,"key":"REST"},{"floor":47,"key":"REST"},{"floor":49,"key":"RECALL"},{"floor":53,"key":"REST"}],"lesson_learned_per_floor":[[],[],[],[],[],[],[],[],[],[],[],[],[],[],[],[],[],[],[],[],[],[],[],[],[],[],[],[],[],[],[],[],[],[],[],[],[],[],[],[],[],[],[],[],[],[],[],[],[],[],[],[],[],[],[],[]],"neow_cost":"NONE","improvable_cards":{},"seed_source_timestamp":2208886808834300,"shop_contents":[{"floor":4,"relics":["Gambling Chip","FossilizedHelix"],"cards":["Rampage","Heavy Blade","Dual Wield","True Grit","Inflame","Dramatic Entrance","Master of Strategy"],"potions":["SneckoOil","LiquidBronze","SkillPotion"]},{"floor":21,"relics":["Strawberry","ClockworkSouvenir"],"cards":["Body Slam","Clash","Intimidate","Rage","Metallicize","Finesse","The Bomb"],"potions":["ColorlessPotion","EssenceOfSteel","Swift Potion"]},{"floor":45,"relics":["Sundial","Brimstone"],"cards":["Thunderclap","Twin Strike","Armaments","Rage","Good Instincts","Magnetism+1"],"potions":["Explosive Potion","SteroidPotion","Swift Potion"]},{"floor":54,"relics":["Incense Burner","Pear","Lee\u0027s Waffle"],"cards":["Cleave","Body Slam","Exhume","Shrug It Off","Madness","Mayhem+1"],"potions":["EssenceOfSteel"]}],"circlet_count":0,"master_deck":["AscendersBane","Strike_R","Defend_R+1","Defend_R","Defend_R+1","Bash","Inflame","Anger","Shockwave","Bludgeon","Demon Form+1","Cleave","Impervious","Power Through","Dark Embrace","Dual Wield","Clothesline","Pommel Strike+1","Flame Barrier","Burning Pact+1","Fiend Fire","Thunderclap+1","Entrench+1","Second Wind+1","Flame Barrier+1","Shrug It Off+1","Sword Boomerang","True Grit+1","Evolve+1","Feel No Pain+1","Pommel Strike+1","Demon Form+1","Dark Embrace+1"],"special_seed":0,"potion_use_per_floor":[[],[],[],[],[],["BlessingOfTheForge"],[],[],[],[],[],[],[],[],[],[],[],[],[],[],[],[],["GamblersBrew"],[],[],[],[],[],[],["DistilledChaos","DuplicationPotion"],[],[],[],[],[],[],[],[],[],["Fruit Juice","Energy Potion"],["ColorlessPotion"],[],[],["Explosive Potion"],[],[],[],[],[],["Explosive Potion"],[],[],[],[],["Block Potion"],["ElixirPotion","SpeedPotion"]],"relics":["Fusion Hammer","Toolbox","Pen Nib","Charon\u0027s Ashes","Toy Ornithopter","Akabeko","Snecko Eye","Prayer Wheel","Bottled Tornado","Vajra","WingedGreaves","Astrolabe","Old Coin","Lizard Tail","Frozen Egg 2","War Paint","Paper Frog","InkBottle"],"potions_floor_usage":[23,30,30,40,40,41,44,50,55,56,56],"damage_taken":[{"damage":4.0,"enemies":"2 Louse","floor":1.0,"turns":2.0},{"damage":7.0,"enemies":"Small Slimes","floor":3.0,"turns":3.0},{"damage":8.0,"enemies":"Gremlin Nob","floor":6.0,"turns":3.0},{"damage":0.0,"enemies":"Lagavulin","floor":8.0,"turns":5.0},{"damage":2.0,"enemies":"Jaw Worm","floor":11.0,"turns":3.0},{"damage":8,"enemies":"Gremlin Nob","floor":12,"turns":3},{"damage":19,"enemies":"Lots of Slimes","floor":14,"turns":3},{"damage":28,"enemies":"Slime Boss","floor":16,"turns":4},{"damage":14,"enemies":"2 Thieves","floor":18,"turns":3},{"damage":17,"enemies":"3 Byrds","floor":20,"turns":4},{"damage":0,"enemies":"Cultist and Chosen","floor":22,"turns":3},{"damage":19,"enemies":"Slavers","floor":23,"turns":3},{"damage":8,"enemies":"Shelled Parasite and Fungi","floor":24,"turns":2},{"damage":9,"enemies":"Centurion and Healer","floor":28,"turns":3},{"damage":18,"enemies":"Snake Plant","floor":29,"turns":2},{"damage":18,"enemies":"Book of Stabbing","floor":30,"turns":4},{"damage":0,"enemies":"Chosen and Byrds","floor":31,"turns":3},{"damage":16,"enemies":"Automaton","floor":33,"turns":6},{"damage":0,"enemies":"Orb Walker","floor":35,"turns":1},{"damage":9,"enemies":"3 Shapes","floor":36,"turns":2},{"damage":12,"enemies":"Jaw Worm Horde","floor":38,"turns":3},{"damage":35,"enemies":"Nemesis","floor":40,"turns":9},{"damage":15,"enemies":"Giant Head","floor":41,"turns":5},{"damage":4,"enemies":"Nemesis","floor":44,"turns":3},{"damage":14,"enemies":"Maw","floor":46,"turns":5},{"damage":0,"enemies":"Spire Growth","floor":48,"turns":3},{"damage":64,"enemies":"Awakened One","floor":50,"turns":8},{"damage":9,"enemies":"Time Eater","floor":51,"turns":8},{"damage":33,"enemies":"Shield and Spear","floor":55,"turns":5},{"damage":87,"enemies":"The Heart","floor":56,"turns":3}],"green_key_taken_log":44,"seed_played":"-5105564271158121131","neow_bonus_log":{"cardsObtained":[],"cardsUpgraded":[],"cardsRemoved":[],"cardsTransformed":[],"relicsObtained":["Fusion Hammer"],"maxHpGained":0,"goldGained":0,"damageTaken":0,"goldLost":0,"maxHpLost":0},"potions_obtained":[{"floor":3.0,"key":"BlessingOfTheForge"},{"floor":12,"key":"SteroidPotion"},{"floor":14,"key":"SteroidPotion"},{"floor":16,"key":"Explosive Potion"},{"floor":20,"key":"GamblersBrew"},{"floor":28,"key":"DuplicationPotion"},{"floor":29,"key":"DistilledChaos"},{"floor":30,"key":"Fruit Juice"},{"floor":38,"key":"Energy Potion"},{"floor":40,"key":"ColorlessPotion"},{"floor":41,"key":"Explosive Potion"},{"floor":44,"key":"Explosive Potion"},{"floor":55,"key":"ElixirPotion"}],"is_trial":false,"path_per_floor":["M","?","M","$","?","E","R","E","T","R","M","E","?","M","R","B",null,"M","?","M","$","M","E","M","R","T","R","M","M","E","M","R","B",null,"M","M","?","M","?","E","E","R","T","E","$","M","R","M","R","B","B",null,"R","$","E","B"],"character_chosen":"IRONCLAD","basemod:card_modifiers":[null,null,null,null,null,null,null,null,null,null,null,null,null,null,null,null,null,null,null,null,null,null,null,null,null,null,null,null,null,null,null,null,null],"items_purchased":["Toolbox","Bottled Tornado","Paper Frog","Evolve+1","Block Potion","SpeedPotion","Demon Form+1"],"campfire_rested":9,"item_purchase_floors":[4,21,45,45,54,54,54],"current_hp_per_floor":[64,53,46,46,39,31,53,53,53,75,73,65,65,46,68,40,66,52,52,35,35,35,21,13,35,35,57,48,30,22,22,44,28,63,63,54,54,42,42,22,12,36,36,37,37,23,47,47,47,28,19,65,80,80,52,0],"gold":77,"neow_bonus":"BOSS_RELIC","is_prod":false,"is_daily":false,"rewards_skipped":[{"floor":22,"relics":[],"potions":["ColorlessPotion"]}],"chose_seed":false,"campfire_upgraded":0,"win_rate":0,"floor_exit_playtime":[53,56,79,90,100,127,131,191,195,199,228,259,270,332,334,400,416,477,483,590,614,660,731,785,787,794,797,848,891,961,1042,1047,1175,1198,1231,1324,1331,1402,1543,1877,2031,2035,2037,2133,2176,2261,2263,2313,2316,2461,2597,2636,2640,2704,2860],"timestamp":1718133995,"blue_key_relic_skipped_log":{"floor":26,"relicID":"Art of War"},"path_taken":["M","?","M","$","?","E","R","E","T","R","M","E","?","M","R","BOSS","M","?","M","$","?","E","M","R","T","R","M","M","E","M","R","BOSS","M","M","?","M","?","E","E","R","T","E","$","?","R","M","R","BOSS","BOSS","R","$","E","BOSS"],"build_version":"2022-12-18","purchased_purges":1,"victory":false,"max_hp_per_floor":[75,75,75,75,75,75,75,75,75,75,75,75,75,75,75,75,75,75,75,75,75,75,75,75,75,75,75,75,75,75,75,75,75,75,75,75,75,75,75,80,80,80,80,80,80,80,80,80,80,80,80,80,80,80,80,80],"relic_stats":{"counters":[30,114],"Astrolabe":["Thunderclap","Entrench","Second Wind"],"Pen Nib":[16],"Charon\u0027s Ashes":[552],"Bottled Tornado":"Demon Form","War Paint":["Defend_R","Defend_R"],"Lizard Tail":40,"Snecko Eye":[171,182,173,193,-135],"Prayer Wheel":11,"WingedGreaves":3,"obtain_stats":[{"Astrolabe":34,"Vajra":23,"Pen Nib":6,"Charon\u0027s Ashes":8,"Bottled Tornado":21,"Frozen Egg 2":43,"War Paint":44,"Burning Blood":0,"Akabeko":12,"Old Coin":40,"Lizard Tail":41,"Toolbox":4,"Snecko Eye":17,"Prayer Wheel":19,"Fusion Hammer":0,"WingedGreaves":30,"Toy Ornithopter":9,"InkBottle":55,"Paper Frog":45},{"Astrolabe":18,"Vajra":12,"Pen Nib":3,"Charon\u0027s Ashes":4,"Bottled Tornado":10,"Frozen Egg 2":23,"War Paint":24,"Burning Blood":0,"Akabeko":6,"Old Coin":22,"Lizard Tail":23,"Toolbox":2,"Snecko Eye":8,"Prayer Wheel":9,"Fusion Hammer":0,"WingedGreaves":16,"Toy Ornithopter":4,"InkBottle":29,"Paper Frog":24},{"Astrolabe":59,"Vajra":39,"Pen Nib":8,"Charon\u0027s Ashes":13,"Bottled Tornado":33,"Frozen Egg 2":79,"War Paint":82,"Burning Blood":0,"Akabeko":19,"Old Coin":74,"Lizard Tail":79,"Toolbox":5,"Snecko Eye":26,"Prayer Wheel":29,"Fusion Hammer":0,"WingedGreaves":50,"Toy Ornithopter":13,"InkBottle":111,"Paper Frog":82}],"Toy Ornithopter":55,"InkBottle":[1]},"card_choices":[{"not_picked":["Armaments","Burning Pact"],"picked":"Inflame","floor":1.0},{"not_picked":["Body Slam","Cleave"],"picked":"Anger","floor":3.0},{"not_picked":["Havoc","Berserk"],"picked":"Shockwave","floor":6.0},{"not_picked":["Twin Strike","Clothesline"],"picked":"Bludgeon","floor":8.0},{"not_picked":["Clash","Iron Wave","Whirlwind"],"picked":"SKIP","floor":11},{"not_picked":["Headbutt","Rage"],"picked":"Demon Form","floor":12},{"not_picked":["Metallicize","Anger"],"picked":"Cleave","floor":14},{"not_picked":["Double Tap","Berserk"],"picked":"Impervious","floor":16},{"not_picked":["Body Slam+1","Warcry","Iron Wave"],"picked":"SKIP","floor":18},{"not_picked":["Pommel Strike","Intimidate"],"picked":"Power Through","floor":20},{"not_picked":["Ghostly Armor","Anger","Pummel"],"picked":"SKIP","floor":20},{"not_picked":["Clothesline","Rage"],"picked":"Dark Embrace","floor":22},{"not_picked":["Combust","Shrug It Off"],"picked":"Dual Wield","floor":22},{"not_picked":["Sword Boomerang","Seeing Red","Thunderclap"],"picked":"SKIP","floor":23},{"not_picked":["Seeing Red","Thunderclap"],"picked":"Sword Boomerang","floor":23},{"not_picked":["Body Slam+1","Rupture"],"picked":"Clothesline","floor":24},{"not_picked":["Juggernaut","True Grit","Iron Wave"],"picked":"SKIP","floor":24},{"not_picked":["Wild Strike","Clash","Cleave"],"picked":"SKIP","floor":28},{"not_picked":["Sword Boomerang","Ghostly Armor","Clothesline"],"picked":"SKIP","floor":28},{"not_picked":["Perfected Strike","Seeing Red"],"picked":"Pommel Strike+1","floor":29},{"not_picked":["Clash","Cleave","Battle Trance"],"picked":"SKIP","floor":29},{"not_picked":["Double Tap","Twin Strike"],"picked":"Flame Barrier","floor":30},{"not_picked":["Thunderclap","Clothesline"],"picked":"Burning Pact+1","floor":31},{"not_picked":["Armaments","Shrug It Off","Inflame+1"],"picked":"SKIP","floor":31},{"not_picked":["Impervious","Offering"],"picked":"Fiend Fire","floor":33},{"not_picked":["Body Slam","Warcry"],"picked":"Flame Barrier+1","floor":35},{"not_picked":["Combust","Perfected Strike","Clash"],"picked":"SKIP","floor":35},{"not_picked":["Dual Wield+1","Power Through"],"picked":"Shrug It Off+1","floor":36},{"not_picked":["Second Wind","Warcry","Wild Strike+1"],"picked":"SKIP","floor":36},{"not_picked":["Blood for Blood+1","Flex","Perfected Strike"],"picked":"SKIP","floor":38},{"not_picked":["Headbutt","Clothesline","Sever Soul+1"],"picked":"SKIP","floor":38},{"not_picked":["Thunderclap","Rupture"],"picked":"Sword Boomerang","floor":40},{"not_picked":["Flex","Berserk"],"picked":"True Grit+1","floor":41},{"not_picked":["Power Through","Iron Wave+1","Metallicize+1"],"picked":"SKIP","floor":44},{"not_picked":["Clash","Dropkick"],"picked":"Feel No Pain+1","floor":46},{"not_picked":["Headbutt+1","Perfected Strike+1","Dropkick"],"picked":"SKIP","floor":46},{"not_picked":["Evolve+1","Warcry"],"picked":"Pommel Strike+1","floor":48},{"not_picked":["Anger+1","Intimidate","Dual Wield"],"picked":"SKIP","floor":48},{"not_picked":["Berserk+1","Exhume"],"picked":"Dark Embrace+1","floor":55}],"player_experience":2458253,"relics_obtained":[{"floor":6.0,"key":"Pen Nib"},{"floor":8.0,"key":"Charon\u0027s Ashes"},{"floor":9.0,"key":"Toy Ornithopter"},{"floor":12,"key":"Akabeko"},{"floor":23,"key":"Vajra"},{"floor":30,"key":"WingedGreaves"},{"floor":40,"key":"Old Coin"},{"floor":41,"key":"Lizard Tail"},{"floor":43,"key":"Frozen Egg 2"},{"floor":44,"key":"War Paint"},{"floor":55,"key":"InkBottle"}],"event_choices":[{"damage_healed":0.0,"max_hp_gain":0.0,"max_hp_loss":0.0,"gold_gain":75.0,"event_name":"World of Goop","player_choice":"Gather Gold","floor":2.0,"gold_loss":0.0,"damage_taken":11.0},{"cards_removed":["Strike_R"],"damage_healed":0.0,"max_hp_gain":0.0,"max_hp_loss":0.0,"gold_gain":0.0,"event_name":"Golden Wing","player_choice":"Card Removal","floor":5.0,"gold_loss":0.0,"damage_taken":7.0},{"damage_healed":0,"gold_gain":0,"player_choice":"Grow","damage_taken":0,"max_hp_gain":0,"max_hp_loss":0,"event_name":"Living Wall","floor":13,"gold_loss":0,"cards_upgraded":["Demon Form"]},{"damage_healed":0,"gold_gain":0,"player_choice":"Gave Potion","damage_taken":0,"relics_obtained":["Prayer Wheel"],"max_hp_gain":0,"max_hp_loss":0,"event_name":"WeMeetAgain","floor":19,"gold_loss":0},{"cards_removed":["Sword Boomerang"],"damage_healed":0,"gold_gain":0,"player_choice":"Removed Attack","damage_taken":0,"max_hp_gain":0,"max_hp_loss":0,"event_name":"Falling","floor":37,"gold_loss":0},{"damage_healed":0,"gold_gain":0,"player_choice":"0 cards matched","damage_taken":0,"max_hp_gain":0,"max_hp_loss":0,"event_name":"Match and Keep!","floor":39,"gold_loss":0,"cards_obtained":[]}],"is_beta":false,"boss_relics":[{"not_picked":["Calling Bell","Velvet Choker"],"picked":"Snecko Eye"},{"not_picked":["Busted Crown","Philosopher\u0027s Stone"],"picked":"Astrolabe"}],"items_purged_floors":[45],"is_endless":false,"potions_floor_spawned":[3,12,14,16,20,22,28,29,30,38,40,41,44,55],"killed_by":"The Heart","ascension_level":20,"potion_discard_per_floor":[[],[],[],[],[],[],[],[],[],[],[],[],[],[],[],["SteroidPotion"],[],[],[],[],[],[],[],[],[],[],[],[],["SteroidPotion"],[],[],[],[],[],[],[],[],[],[],[],[],[],[],[],[],[],[],[],[],[],[],[],[],[],[],[]]}