{"neow_bonuses_skipped_log":["UPGRADE_CARD","THREE_ENEMY_KILL","BOSS_RELIC"],"potions_obtained_entropic_brew":[[],[],[],[],[],[],[],[],[],[],[],[],[],[],[],[],[],[],[],[],[],[],[],[],[],[],[],[],[],[],[],[],[],[],[],[],[],[],[],[],[],[]],"neow_costs_skipped_log":["NONE","NONE","NONE"],"gold_per_floor":[136,196,227,243,92,92,145,70,70,70,114,166,181,216,216,314,314,356,396,182,97,134,165,165,190,216,216,366,411,99,118,118,196,196,215,215,34,54,54,84,84,84],"floor_reached":42,"playtime":6200,"items_purged":["Regret","Strike_R","Strike_R","Strike_R"],"score":981,"play_id":"b28e28b7-d449-4e08-a8ee-a21a073f9e57","local_time":"20240617204533","falling_options_log":["Battle Trance","Feel No Pain"],"score_breakdown":["Floors Climbed (42): 210","Enemies Slain (14): 28","Exordium Elites Killed (2): 20","City Elites Killed (2): 40","Beyond Elites Killed (1): 30","Bosses Slain (2): 150","Money Money (1083): 25","Ascension (20): 478"],"is_ascension_mode":true,"potions_obtained_alchemize":[[],[],[],[],[],[],[],[],[],[],[],[],[],[],[],[],[],[],[],[],[],[],[],[],[],[],[],[],[],[],[],[],[],[],[],[],[],[],[],[],[],[]],"campfire_choices":[{"data":"Whirlwind","floor":6,"key":"SMITH"},{"data":"HandOfGreed","floor":10,"key":"SMITH"},{"data":"True Grit","floor":15,"key":"SMITH"},{"data":"Seeing Red","floor":24,"key":"SMITH"},{"floor":27,"key":"REST"},{"data":"Apotheosis","floor":32,"key":"SMITH"}],"lesson_learned_per_floor":[[],[],[],[],[],[],[],[],[],[],[],[],[],[],[],[],[],[],[],[],[],[],[],[],[],[],[],[],[],[],[],[],[],[],[],[],[],[],[],[],[],[]],"neow_cost":"CURSE","improvable_cards":{},"seed_source_timestamp":483456160333700,"shop_contents":[{"floor":5,"relics":["Pocketwatch","Oddly Smooth Stone","TheAbacus"],"cards":["Feed","Shrug It Off","Armaments","Fire Breathing","Trip","Chrysalis"],"potions":["BlessingOfTheForge","SkillPotion","LiquidBronze"]},{"floor":20,"relics":["Pen Nib","Kunai","War Paint"],"cards":["Uppercut","Wild Strike","Armaments","Havoc","Brutality","Impatience","The Bomb"],"potions":["EntropicBrew","HeartOfIron","Block Potion"]},{"floor":30,"relics":["Red Skull","Girya","Sling"],"cards":["Clash","Wild Strike","Flex","Intimidate","Fire Breathing","Enlightenment","Swift Strike"],"potions":["Fire Potion","SkillPotion","Swift Potion"]},{"floor":37,"relics":["Whetstone","Singing Bowl","Cauldron"],"cards":["Clothesline","Dropkick","Armaments","Sentinel","Combust","Good Instincts","Violence"],"potions":["Fire Potion","Fruit Juice","Swift Potion"]}],"circlet_count":0,"master_deck":["AscendersBane","Strike_R","Defend_R","Defend_R","Defend_R","Defend_R","Bash","HandOfGreed+1","Hemokinesis","Seeing Red+1","True Grit+1","Whirlwind+1","Fiend Fire","Battle Trance","Demon Form","CurseOfTheBell","Twin Strike","Shockwave","Double Tap","Feel No Pain","Apotheosis+1","Feel No Pain","Ghostly Armor","Barricade","Metallicize+1","Intimidate"],"potion_use_per_floor":[[],[],[],[],[],[],["HeartOfIron"],[],[],[],[],[],[],[],[],["Block Potion"],[],[],["SkillPotion"],[],[],[],[],[],[],[],[],["BlessingOfTheForge"],[],[],[],[],["BloodPotion","SkillPotion"],[],[],[],[],[],[],["Swift Potion","GamblersBrew"],[],["SkillPotion","DuplicationPotion"]],"relics":["Burning Blood","Torii","Incense Burner","Du-Vu Doll","Calling Bell","Potion Belt","The Courier","Thread and Needle","ClockworkSouvenir","StrikeDummy","Ginger","InkBottle","Blood Vial","Charon\u0027s Ashes","Mummified Hand","Black Star","Dream Catcher","CeramicFish"],"potions_floor_usage":[7,16,19,28,33,33,40,40,42,42],"damage_taken":[{"damage":8,"enemies":"Cultist","floor":1,"turns":4},{"damage":12,"enemies":"2 Louse","floor":2,"turns":4},{"damage":6,"enemies":"Small Slimes","floor":3,"turns":3},{"damage":22,"enemies":"Blue Slaver","floor":4,"turns":4},{"damage":13,"enemies":"Lagavulin","floor":7,"turns":6},{"damage":0,"enemies":"2 Fungi Beasts","floor":11,"turns":3},{"damage":10,"enemies":"Gremlin Nob","floor":12,"turns":3},{"damage":0,"enemies":"3 Louse","floor":13,"turns":1},{"damage":5,"enemies":"Large Slime","floor":14,"turns":4},{"damage":17,"enemies":"The Guardian","floor":16,"turns":14},{"damage":3,"enemies":"2 Thieves","floor":18,"turns":4},{"damage":3,"enemies":"Spheric Guardian","floor":19,"turns":4},{"damage":31,"enemies":"Shelled Parasite and Fungi","floor":22,"turns":5},{"damage":19,"enemies":"Gremlin Leader","floor":23,"turns":6},{"damage":13,"enemies":"Book of Stabbing","floor":25,"turns":5},{"damage":23,"enemies":"Colosseum Slavers","floor":28,"turns":4},{"damage":19,"enemies":"Colosseum Nobs","floor":28,"turns":4},{"damage":0,"enemies":"Chosen and Byrds","floor":29,"turns":5},{"damage":9,"enemies":"Snecko","floor":31,"turns":5},{"damage":22,"enemies":"Champ","floor":33,"turns":8},{"damage":21,"enemies":"3 Darklings","floor":35,"turns":6},{"damage":0,"enemies":"3 Shapes","floor":38,"turns":1},{"damage":48,"enemies":"Reptomancer","floor":40,"turns":8},{"damage":31,"enemies":"Giant Head","floor":42,"turns":7}],"seed_played":"-5194017520837841874","neow_bonus_log":{"cardsObtained":["Regret"],"cardsUpgraded":[],"cardsRemoved":[],"cardsTransformed":[],"relicsObtained":[],"maxHpGained":0,"goldGained":0,"damageTaken":0,"goldLost":0,"maxHpLost":0},"potions_obtained":[{"floor":1,"key":"EssenceOfSteel"},{"floor":3,"key":"HeartOfIron"},{"floor":7,"key":"GamblersBrew"},{"floor":11,"key":"Block Potion"},{"floor":16,"key":"SkillPotion"},{"floor":23,"key":"BlessingOfTheForge"},{"floor":28,"key":"BloodPotion"},{"floor":29,"key":"Swift Potion"},{"floor":31,"key":"SkillPotion"},{"floor":35,"key":"DuplicationPotion"},{"floor":40,"key":"SkillPotion"}],"is_trial":false,"path_per_floor":["M","M","M","M","$","R","E","?","T","R","M","E","M","M","R","B",null,"M","M","$","?","M","E","R","E","T","R","?","M","$","M","R","B",null,"M","?","$","M","?","E","?","E"],"character_chosen":"IRONCLAD","basemod:card_modifiers":[null,null,null,null,null,null,null,null,null,null,null,null,null,null,null,null,null,null,null,null,null,null,null,null,null,null],"items_purchased":["Whirlwind","ClockworkSouvenir","Apotheosis","Feel No Pain","Intimidate"],"campfire_rested":1,"item_purchase_floors":[5,20,30,30,37],"current_hp_per_floor":[66,60,60,44,44,44,37,37,37,37,43,39,45,46,46,35,65,68,71,71,71,46,33,33,26,26,48,22,30,30,29,29,30,64,51,51,51,59,59,19,19,0],"gold":84,"neow_bonus":"RANDOM_COLORLESS_2","is_prod":false,"is_daily":false,"rewards_skipped":[],"chose_seed":false,"campfire_upgraded":5,"win_rate":0,"floor_exit_playtime":[4275,4309,4334,4372,4394,4403,4442,4451,4453,4466,4498,4534,4551,4594,4601,4784,4827,4878,4921,4944,4950,5026,5094,5104,5170,5172,5175,5282,5344,5364,5430,5435,5542,5585,5922,5927,5951,5963,5971,6088,6100],"timestamp":1718671533,"path_taken":["M","M","M","M","$","R","E","?","T","R","M","E","M","M","R","BOSS","M","M","$","?","M","E","R","E","T","R","?","M","$","M","R","BOSS","M","?","$","M","?","E","?","E"],"build_version":"2022-12-18","purchased_purges":4,"victory":false,"max_hp_per_floor":[75,75,75,75,75,75,75,75,75,75,75,75,75,75,75,75,75,75,75,75,75,75,75,75,75,75,75,75,75,75,75,75,75,75,75,75,75,75,71,71,71,71],"relic_stats":{"Torii":58,"counters":[24,118],"CeramicFish":0,"The Courier":177,"Charon\u0027s Ashes":[195],"Ginger":[12],"Burning Blood":138,"Blood Vial":18,"Dream Catcher":0,"Mummified Hand":[21],"Black Star":1,"obtain_stats":[{"Potion Belt":17,"Torii":7,"CeramicFish":40,"Thread and Needle":17,"The Courier":17,"Charon\u0027s Ashes":28,"Incense Burner":9,"Ginger":23,"Burning Blood":0,"ClockworkSouvenir":20,"Du-Vu Doll":12,"Calling Bell":17,"Blood Vial":26,"Dream Catcher":40,"Mummified Hand":28,"Black Star":34,"StrikeDummy":21,"InkBottle":25},{"Potion Belt":10,"Torii":5,"CeramicFish":23,"Thread and Needle":10,"The Courier":10,"Charon\u0027s Ashes":17,"Incense Burner":5,"Ginger":14,"Burning Blood":0,"ClockworkSouvenir":12,"Du-Vu Doll":7,"Calling Bell":10,"Blood Vial":15,"Dream Catcher":23,"Mummified Hand":17,"Black Star":20,"StrikeDummy":12,"InkBottle":15},{"Potion Belt":46,"Torii":21,"CeramicFish":111,"Thread and Needle":46,"The Courier":46,"Charon\u0027s Ashes":78,"Incense Burner":21,"Ginger":65,"Burning Blood":0,"ClockworkSouvenir":54,"Du-Vu Doll":27,"Calling Bell":46,"Blood Vial":70,"Dream Catcher":111,"Mummified Hand":78,"Black Star":96,"StrikeDummy":54,"InkBottle":70}],"InkBottle":[16]},"card_choices":[{"not_picked":["Metamorphosis","Sadistic Nature"],"picked":"HandOfGreed","floor":0},{"not_picked":["Armaments","True Grit"],"picked":"Hemokinesis","floor":1},{"not_picked":["Sever Soul","Wild Strike"],"picked":"Seeing Red","floor":2},{"not_picked":["Fire Breathing","Searing Blow"],"picked":"Anger","floor":3},{"not_picked":["Havoc","Warcry"],"picked":"True Grit","floor":4},{"not_picked":["Clash","Anger","Twin Strike"],"picked":"SKIP","floor":7},{"not_picked":["Clothesline","Heavy Blade"],"picked":"Fiend Fire","floor":11},{"not_picked":["Wild Strike","Dual Wield","Rage"],"picked":"SKIP","floor":12},{"not_picked":["Entrench","Intimidate"],"picked":"Battle Trance","floor":13},{"not_picked":["Dropkick","Thunderclap","Clash"],"picked":"SKIP","floor":14},{"not_picked":["Reaper","Limit Break"],"picked":"Demon Form","floor":16},{"not_picked":["Perfected Strike","Combust"],"picked":"Twin Strike","floor":18},{"not_picked":["Clothesline","Dropkick+1"],"picked":"Shockwave","floor":19},{"not_picked":["Pommel Strike","Carnage"],"picked":"Double Tap","floor":22},{"not_picked":["Clash+1","Headbutt","Rampage"],"picked":"SKIP","floor":23},{"not_picked":["Blood for Blood","Heavy Blade","Twin Strike"],"picked":"SKIP","floor":25},{"not_picked":["Armaments","Twin Strike"],"picked":"Feel No Pain","floor":28},{"not_picked":["Wild Strike+1","Headbutt","Body Slam"],"picked":"SKIP","floor":29},{"not_picked":["Shockwave","Wild Strike"],"picked":"Ghostly Armor","floor":31},{"not_picked":["Fiend Fire","Feed"],"picked":"Barricade","floor":33},{"not_picked":["Cleave","Clash"],"picked":"Metallicize+1","floor":35},{"not_picked":["Armaments","Heavy Blade","Clash+1"],"picked":"SKIP","floor":38},{"not_picked":["Cleave","Inflame","Perfected Strike"],"picked":"SKIP","floor":40},{"not_picked":["Jack Of All Trades","Enlightenment","Mayhem"],"picked":"SKIP","floor":41}],"player_experience":2532035,"relics_obtained":[{"floor":7,"key":"Torii"},{"floor":9,"key":"Incense Burner"},{"floor":12,"key":"Du-Vu Doll"},{"floor":17,"key":"Potion Belt"},{"floor":17,"key":"The Courier"},{"floor":17,"key":"Thread and Needle"},{"floor":23,"key":"Ginger"},{"floor":25,"key":"InkBottle"},{"floor":26,"key":"Blood Vial"},{"floor":28,"key":"Charon\u0027s Ashes"},{"floor":28,"key":"Mummified Hand"},{"floor":40,"key":"Dream Catcher"},{"floor":40,"key":"CeramicFish"}],"event_choices":[{"cards_removed":["Strike_R"],"damage_healed":0,"gold_gain":0,"player_choice":"Card Removal","damage_taken":0,"max_hp_gain":0,"max_hp_loss":0,"event_name":"The Cleric","floor":8,"gold_loss":75},{"damage_healed":0,"gold_gain":0,"player_choice":"Obtained Relic","damage_taken":0,"relics_obtained":["StrikeDummy"],"max_hp_gain":0,"max_hp_loss":0,"event_name":"Addict","floor":21,"gold_loss":85},{"damage_healed":0,"gold_gain":0,"player_choice":"Fight","damage_taken":0,"max_hp_gain":0,"max_hp_loss":0,"event_name":"Colosseum","floor":28,"gold_loss":0},{"damage_healed":0,"gold_gain":0,"player_choice":"Fought Nobs","damage_taken":0,"max_hp_gain":0,"max_hp_loss":0,"event_name":"Colosseum","floor":28,"gold_loss":0},{"cards_removed":["Anger"],"damage_healed":0,"gold_gain":0,"player_choice":"Removed Attack","damage_taken":0,"max_hp_gain":0,"max_hp_loss":0,"event_name":"Falling","floor":36,"gold_loss":0},{"damage_healed":0,"gold_gain":0,"player_choice":"Max HP","damage_taken":0,"max_hp_gain":0,"max_hp_loss":4,"event_name":"Winding Halls","floor":39,"gold_loss":0},{"damage_healed":0,"gold_gain":0,"player_choice":"Memory 1","damage_taken":0,"max_hp_gain":0,"max_hp_loss":0,"event_name":"SensoryStone","floor":41,"gold_loss":0}],"is_beta":false,"boss_relics":[{"not_picked":["SacredBark","Tiny House"],"picked":"Calling Bell"},{"not_picked":["Runic Cube","Sozu"],"picked":"Black Star"}],"items_purged_floors":[5,20,30,37],"is_endless":false,"potions_floor_spawned":[1,3,7,11,16,23,28,29,31,35,40],"killed_by":"Giant Head","ascension_level":20,"potion_discard_per_floor":[[],[],[],[],[],[],[],[],[],[],["EssenceOfSteel"],[],[],[],[],[],[],[],[],[],[],[],[],[],[],[],[],[],[],[],[],[],[],[],[],[],[],[],[],[],[],[]]}