{"neow_bonuses_skipped_log":["TEN_PERCENT_HP_BONUS","TWO_FIFTY_GOLD","BOSS_RELIC"],"neow_costs_skipped_log":["NONE","TEN_PERCENT_HP_LOSS","NONE"],"potions_obtained_entropic_brew":[[],[],[],[],[],[],[],[],[],[],[],[],[],[],[],[],[],[],[],[],[],[],[]],"gold_per_floor":[113,113,133,133,151,151,174,217,217,111,145,145,145,169,169,259,259,273,28,28,28,48,48],"floor_reached":23,"playtime":960,"items_purged":["Strike_R"],"score":378,"play_id":"85073f70-30a3-4d22-9bd7-7564f0f435fe","local_time":"20240709190632","score_breakdown":["Floors Climbed (23): 115","Enemies Slain (7): 14","Exordium Elites Killed (1): 10","City Elites Killed (0): 0","Bosses Slain (1): 50","Ascension (20): 189"],"is_ascension_mode":true,"potions_obtained_alchemize":[[],[],[],[],[],[],[],[],[],[],[],[],[],[],[],[],[],[],[],[],[],[],[]],"campfire_choices":[{"data":"Carnage","floor":6,"key":"SMITH"},{"floor":12,"key":"REST"},{"floor":15,"key":"REST"}],"lesson_learned_per_floor":[[],[],[],[],[],[],[],[],[],[],[],[],[],[],[],[],[],[],[],[],[],[],[]],"neow_cost":"NONE","improvable_cards":{},"seed_source_timestamp":100597405027400,"shop_contents":[{"floor":10,"relics":["StrikeDummy","Darkstone Periapt","Cauldron"],"cards":["Sword Boomerang","Dropkick","Intimidate","True Grit","Combust","Jack Of All Trades","Panache"],"potions":["Swift Potion","Energy Potion"]},{"floor":19,"relics":["Pantograph","Nunchaku"],"cards":["Rampage","Reckless Charge","Warcry","True Grit","Dramatic Entrance","Metamorphosis"],"potions":["GamblersBrew","Fire Potion","Dexterity Potion"]}],"circlet_count":0,"master_deck":["AscendersBane","Strike_R+1","Strike_R","Strike_R","Defend_R","Defend_R","Defend_R","Defend_R+1","Bash","Juggernaut","Carnage+1","Sword Boomerang","Iron Wave","Armaments","Headbutt","Fiend Fire","Seeing Red","Metallicize","Offering","Feel No Pain","Dark Embrace","Metallicize","Infernal Blade+1","Immolate"],"potion_use_per_floor":[[],[],[],[],[],[],[],["GamblersBrew","ColorlessPotion"],[],[],["PowerPotion"],[],[],[],[],[],[],["BloodPotion"],[],[],[],[],[]],"relics":["Burning Blood","Golden Idol","Potion Belt","Smiling Mask","Odd Mushroom","Cursed Key","Orrery"],"potions_floor_usage":[8,8,11,18],"damage_taken":[{"damage":9,"enemies":"Small Slimes","floor":1,"turns":4},{"damage":1,"enemies":"2 Louse","floor":3,"turns":3},{"damage":7,"enemies":"Jaw Worm","floor":5,"turns":4},{"damage":7,"enemies":"Looter","floor":7,"turns":3},{"damage":55,"enemies":"Gremlin Nob","floor":8,"turns":5},{"damage":14,"enemies":"The Mushroom Lair","floor":11,"turns":4},{"damage":4,"enemies":"3 Louse","floor":14,"turns":4},{"damage":25,"enemies":"The Guardian","floor":16,"turns":11},{"damage":25,"enemies":"Shell Parasite","floor":18,"turns":5},{"damage":11,"enemies":"2 Thieves","floor":22,"turns":4},{"damage":46,"enemies":"Gremlin Leader","floor":23,"turns":5}],"green_key_taken_log":8,"seed_played":"-9152434463845689055","neow_bonus_log":{"cardsObtained":["Juggernaut"],"cardsUpgraded":[],"cardsRemoved":[],"cardsTransformed":[],"relicsObtained":[],"maxHpGained":0,"goldGained":0,"damageTaken":0,"goldLost":0,"maxHpLost":0},"potions_obtained":[{"floor":1,"key":"ColorlessPotion"},{"floor":3,"key":"GamblersBrew"},{"floor":16,"key":"BloodPotion"}],"is_trial":false,"path_per_floor":["M","?","M","?","M","R","M","E","T","$","?","R","?","M","R","B",null,"M","$","?","?","M","E"],"character_chosen":"IRONCLAD","basemod:card_modifiers":[null,null,null,null,null,null,null,null,null,null,null,null,null,null,null,null,null,null,null,null,null,null,null,null],"items_purchased":["PowerPotion","Feel No Pain","Orrery"],"campfire_rested":2,"item_purchase_floors":[10,19,19],"current_hp_per_floor":[65,65,70,68,67,67,66,17,17,17,9,29,9,11,31,12,54,48,48,48,48,43,0],"gold":48,"neow_bonus":"ONE_RANDOM_RARE_CARD","is_prod":false,"is_daily":false,"rewards_skipped":[],"chose_seed":false,"campfire_upgraded":1,"win_rate":0,"floor_exit_playtime":[59,67,92,95,144,156,214,346,349,377,454,457,461,507,509,683,703,766,792,796,802,868],"timestamp":1720566392,"path_taken":["M","?","M","?","M","R","M","E","T","?","?","R","?","M","R","BOSS","M","$","?","?","M","E"],"build_version":"2022-12-18","purchased_purges":1,"victory":false,"max_hp_per_floor":[75,75,75,68,68,68,68,68,68,68,68,68,68,68,68,68,68,68,68,68,68,68,68],"relic_stats":{"counters":[11,52],"Golden Idol":55,"Smiling Mask":25,"Cursed Key":0,"obtain_stats":[{"Potion Belt":8,"Golden Idol":4,"Orrery":19,"Odd Mushroom":11,"Smiling Mask":9,"Cursed Key":17,"Burning Blood":0},{"Potion Belt":5,"Golden Idol":2,"Orrery":9,"Odd Mushroom":6,"Smiling Mask":5,"Cursed Key":8,"Burning Blood":0},{"Potion Belt":19,"Golden Idol":7,"Orrery":43,"Odd Mushroom":23,"Smiling Mask":19,"Cursed Key":38,"Burning Blood":0}],"Burning Blood":60},"card_choices":[{"not_picked":["Rage","Armaments"],"picked":"Carnage","floor":1},{"not_picked":["Havoc","Wild Strike"],"picked":"Iron Wave","floor":3},{"not_picked":["Headbutt","Rage"],"picked":"Armaments","floor":5},{"not_picked":["Pommel Strike","Twin Strike"],"picked":"Headbutt","floor":7},{"not_picked":["Whirlwind","Uppercut"],"picked":"Fiend Fire","floor":8},{"not_picked":["Havoc","Twin Strike"],"picked":"Seeing Red","floor":11},{"not_picked":["Flame Barrier","Warcry"],"picked":"Metallicize","floor":14},{"not_picked":["Feed","Corruption"],"picked":"Offering","floor":16},{"not_picked":["Flex","Sword Boomerang+1","Sentinel"],"picked":"SKIP","floor":18},{"not_picked":["Twin Strike","Perfected Strike+1"],"picked":"Dark Embrace","floor":19},{"not_picked":["Dark Embrace","Warcry"],"picked":"Metallicize","floor":19},{"not_picked":["Pommel Strike","Carnage"],"picked":"Infernal Blade+1","floor":19},{"not_picked":["Ghostly Armor","Infernal Blade"],"picked":"Immolate","floor":19},{"not_picked":["Sword Boomerang","Inflame","Wild Strike"],"picked":"SKIP","floor":19},{"not_picked":["Armaments","Sentinel","Infernal Blade"],"picked":"SKIP","floor":22}],"player_experience":2633910,"relics_obtained":[{"floor":8,"key":"Potion Belt"},{"floor":9,"key":"Smiling Mask"},{"floor":11,"key":"Odd Mushroom"}],"event_choices":[{"damage_healed":0,"gold_gain":0,"cards_transformed":["Strike_R"],"player_choice":"Change","damage_taken":0,"max_hp_gain":0,"max_hp_loss":0,"event_name":"Living Wall","floor":2,"gold_loss":0,"cards_obtained":["Sword Boomerang"]},{"damage_healed":0,"gold_gain":0,"player_choice":"Lose Max HP","damage_taken":0,"relics_obtained":["Golden Idol"],"max_hp_gain":0,"max_hp_loss":7,"event_name":"Golden Idol","floor":4,"gold_loss":0},{"damage_healed":0,"gold_gain":0,"player_choice":"Fought Mushrooms","damage_taken":0,"max_hp_gain":0,"max_hp_loss":0,"event_name":"Mushrooms","floor":11,"gold_loss":0},{"damage_healed":0,"gold_gain":0,"player_choice":"Entered Light","damage_taken":20,"max_hp_gain":0,"max_hp_loss":0,"event_name":"Shining Light","floor":13,"gold_loss":0,"cards_upgraded":["Strike_R","Defend_R"]},{"damage_healed":0,"gold_gain":0,"player_choice":"Ignored","damage_taken":0,"max_hp_gain":0,"max_hp_loss":0,"event_name":"The Mausoleum","floor":20,"gold_loss":0},{"damage_healed":0,"gold_gain":0,"player_choice":"Ignored","damage_taken":0,"max_hp_gain":0,"max_hp_loss":0,"event_name":"Vampires","floor":21,"gold_loss":0}],"is_beta":false,"boss_relics":[{"not_picked":["Pandora\u0027s Box","Mark of Pain"],"picked":"Cursed Key"}],"items_purged_floors":[10],"is_endless":false,"potions_floor_spawned":[1,3,16],"killed_by":"Gremlin Leader","ascension_level":20,"potion_discard_per_floor":[[],[],[],[],[],[],[],[],[],[],[],[],[],[],[],[],[],[],[],[],[],[],[]]}