{"neow_bonuses_skipped_log":["REMOVE_CARD","THREE_ENEMY_KILL","BOSS_RELIC"],"neow_costs_skipped_log":["NONE","NONE","NONE"],"potions_obtained_entropic_brew":[[],[],[],[],[],[],[],[],[],[],[],[],[],[],[],[],[],[],[],[],[],[],[],[],[]],"gold_per_floor":[116,116,132,146,159,191,191,210,210,260,273,273,287,321,321,398,398,408,426,438,452,452,486,486,486],"floor_reached":25,"playtime":1352,"items_purged":[],"score":474,"play_id":"d55dd795-61fd-481a-8e2c-6f595bb7c445","local_time":"20240828135824","score_breakdown":["Floors Climbed (25): 125","Enemies Slain (11): 22","Exordium Elites Killed (2): 20","City Elites Killed (1): 20","Bosses Slain (1): 50","Ascension (20): 237"],"is_ascension_mode":true,"potions_obtained_alchemize":[[],[],[],[],[],[],[],[],[],[],[],[],[],[],[],[],[],[],[],[],[],[],[],[],[]],"campfire_choices":[{"data":"Apotheosis","floor":7,"key":"SMITH"},{"floor":12,"key":"REST"},{"floor":15,"key":"REST"},{"floor":24,"key":"REST"}],"lesson_learned_per_floor":[[],[],[],[],[],[],[],[],[],[],[],[],[],[],[],[],[],[],[],[],[],[],[],[],[]],"neow_cost":"PERCENT_DAMAGE","improvable_cards":{},"seed_source_timestamp":326332955486500,"shop_contents":[],"circlet_count":0,"master_deck":["AscendersBane","Bash","Apotheosis+1","Rampage","Shrug It Off","Pommel Strike","Twin Strike","Pommel Strike","Bloodletting","Disarm","Immolate","Disarm","Berserk","Burning Pact","Limit Break","Armaments","Reaper","Limit Break","Second Wind","Shockwave","Shockwave+1","Spot Weakness"],"potion_use_per_floor":[[],[],[],[],["Block Potion"],["LiquidMemories"],[],[],[],[],[],[],["Block Potion"],[],[],[],[],[],[],["Dexterity Potion"],[],[],["Strength Potion","FairyPotion"],[],[]],"relics":["Burning Blood","Question Card","Tiny Chest","MealTicket","Pandora\u0027s Box","Blue Candle"],"potions_floor_usage":[5,6,13,20,23],"damage_taken":[{"damage":4,"enemies":"Small Slimes","floor":1,"turns":4},{"damage":9,"enemies":"Cultist","floor":3,"turns":4},{"damage":3,"enemies":"Jaw Worm","floor":4,"turns":5},{"damage":13,"enemies":"Lots of Slimes","floor":5,"turns":6},{"damage":24,"enemies":"3 Sentries","floor":6,"turns":7},{"damage":7,"enemies":"2 Fungi Beasts","floor":8,"turns":3},{"damage":8,"enemies":"Blue Slaver","floor":11,"turns":4},{"damage":3,"enemies":"3 Louse","floor":13,"turns":4},{"damage":29,"enemies":"Lagavulin","floor":14,"turns":8},{"damage":15,"enemies":"Hexaghost","floor":16,"turns":9},{"damage":20,"enemies":"3 Byrds","floor":18,"turns":5},{"damage":11,"enemies":"Chosen","floor":19,"turns":5},{"damage":35,"enemies":"Shelled Parasite and Fungi","floor":20,"turns":6},{"damage":19,"enemies":"Centurion and Healer","floor":21,"turns":7},{"damage":30,"enemies":"Book of Stabbing","floor":23,"turns":7},{"damage":50,"enemies":"Slavers","floor":25,"turns":5}],"seed_played":"3224112407657754778","neow_bonus_log":{"cardsObtained":[],"cardsUpgraded":[],"cardsRemoved":[],"cardsTransformed":[],"relicsObtained":[],"maxHpGained":0,"goldGained":0,"damageTaken":18,"goldLost":0,"maxHpLost":0},"potions_obtained":[{"floor":4,"key":"Block Potion"},{"floor":5,"key":"LiquidMemories"},{"floor":11,"key":"Block Potion"},{"floor":16,"key":"FairyPotion"},{"floor":19,"key":"Dexterity Potion"},{"floor":20,"key":"Strength Potion"}],"is_trial":false,"path_per_floor":["M","?","M","M","M","E","R","M","T","?","M","R","M","E","R","B",null,"M","M","M","M","?","E","R","E"],"character_chosen":"IRONCLAD","basemod:card_modifiers":[null,null,null,null,null,null,null,null,null,null,null,null,null,null,null,null,null,null,null,null,null,null],"items_purchased":[],"campfire_rested":3,"item_purchase_floors":[],"current_hp_per_floor":[52,52,49,52,45,27,27,26,26,19,17,39,42,19,41,32,64,54,53,31,27,27,25,47,0],"gold":486,"neow_bonus":"RANDOM_COLORLESS_2","is_prod":false,"is_daily":false,"rewards_skipped":[],"chose_seed":false,"campfire_upgraded":1,"win_rate":0,"floor_exit_playtime":[73,79,110,150,226,351,355,391,394,405,443,445,510,579,587,681,707,811,874,981,1111,1136,1232,1235],"timestamp":1724867904,"path_taken":["M","?","M","M","?","E","R","M","T","?","M","R","M","E","R","BOSS","M","?","M","M","?","E","R","E"],"build_version":"2022-12-18","purchased_purges":0,"victory":false,"max_hp_per_floor":[75,75,75,75,75,75,75,75,75,75,75,75,75,75,75,75,75,75,75,75,75,75,75,75,75],"relic_stats":{"counters":[16,89],"Blue Candle":[0],"Tiny Chest":0,"MealTicket":0,"Pandora\u0027s Box":["Disarm","Berserk","Burning Pact","Limit Break","Armaments","Reaper","Limit Break","Second Wind"],"Question Card":10,"obtain_stats":[{"Blue Candle":23,"Tiny Chest":9,"MealTicket":14,"Pandora\u0027s Box":17,"Question Card":6,"Burning Blood":0},{"Blue Candle":15,"Tiny Chest":6,"MealTicket":9,"Pandora\u0027s Box":10,"Question Card":5,"Burning Blood":0},{"Blue Candle":84,"Tiny Chest":29,"MealTicket":45,"Pandora\u0027s Box":54,"Question Card":26,"Burning Blood":0}],"Burning Blood":90},"card_choices":[{"not_picked":["Violence","Magnetism"],"picked":"Apotheosis","floor":0},{"not_picked":["Thunderclap","True Grit"],"picked":"Rampage","floor":1},{"not_picked":["Thunderclap","Flex"],"picked":"Shrug It Off","floor":3},{"not_picked":["True Grit","Sentinel"],"picked":"Pommel Strike","floor":4},{"not_picked":["Burning Pact","Dual Wield"],"picked":"Twin Strike","floor":5},{"not_picked":["Intimidate","Wild Strike"],"picked":"Pommel Strike","floor":6},{"not_picked":["Wild Strike","Iron Wave","Twin Strike","Clothesline"],"picked":"SKIP","floor":8},{"not_picked":["Iron Wave","Metallicize","Evolve"],"picked":"Bloodletting","floor":11},{"not_picked":["Havoc","Pommel Strike","Rage","Limit Break"],"picked":"SKIP","floor":13},{"not_picked":["Heavy Blade","Pommel Strike","Metallicize"],"picked":"Disarm","floor":14},{"not_picked":["Double Tap","Feed","Limit Break"],"picked":"Immolate","floor":16},{"not_picked":["Thunderclap","Anger","Bloodletting"],"picked":"Shockwave","floor":18},{"not_picked":["Fire Breathing","Iron Wave","Heavy Blade","Double Tap"],"picked":"SKIP","floor":19},{"not_picked":["Warcry","Bloodletting","Twin Strike"],"picked":"Shockwave+1","floor":20},{"not_picked":["Hemokinesis","Perfected Strike","Heavy Blade","Havoc"],"picked":"SKIP","floor":21},{"not_picked":["Battle Trance","Sword Boomerang","Clothesline","Ghostly Armor","Immolate","Flex","Searing Blow","Havoc","Berserk","Demon Form","Thunderclap","Clash","Rampage","Iron Wave","Headbutt","Metallicize","Exhume","Sentinel","Perfected Strike"],"picked":"Spot Weakness","floor":22},{"not_picked":["Intimidate","Dropkick","Cleave","Warcry"],"picked":"SKIP","floor":23}],"player_experience":2677218,"relics_obtained":[{"floor":6,"key":"Question Card"},{"floor":9,"key":"Tiny Chest"},{"floor":14,"key":"MealTicket"},{"floor":23,"key":"Blue Candle"}],"event_choices":[{"cards_removed":["Strike_R"],"damage_healed":0,"gold_gain":0,"player_choice":"Purged","damage_taken":0,"max_hp_gain":0,"max_hp_loss":0,"event_name":"Purifier","floor":2,"gold_loss":0},{"damage_healed":0,"gold_gain":50,"player_choice":"Touch","damage_taken":7,"max_hp_gain":0,"max_hp_loss":0,"event_name":"FaceTrader","floor":10,"gold_loss":0},{"damage_healed":0,"gold_gain":0,"player_choice":"Read","damage_taken":0,"max_hp_gain":0,"max_hp_loss":0,"event_name":"The Library","floor":22,"gold_loss":0,"cards_obtained":["Spot Weakness"]}],"is_beta":false,"boss_relics":[{"not_picked":["Cursed Key","Velvet Choker"],"picked":"Pandora\u0027s Box"}],"items_purged_floors":[],"is_endless":false,"potions_floor_spawned":[4,5,11,16,19,20],"killed_by":"Slavers","ascension_level":20,"potion_discard_per_floor":[[],[],[],[],[],[],[],[],[],[],[],[],[],[],[],[],[],[],[],[],[],[],[],[],[]]}