{"neow_bonuses_skipped_log":["REMOVE_CARD","TWO_FIFTY_GOLD","BOSS_RELIC"],"potions_obtained_entropic_brew":[[],[],[],[],[],[],[],[],[],[],[],[],[],[],[],[]],"neow_costs_skipped_log":["NONE","CURSE","NONE"],"gold_per_floor":[112,124,144,161,179,179,211,211,211,211,225,238,252,278,278,278],"floor_reached":16,"playtime":764,"items_purged":[],"score":232,"play_id":"138d5305-089a-48d4-83fb-6f44f09aad6a","local_time":"20240919003252","score_breakdown":["Floors Climbed (16): 80","Enemies Slain (8): 16","Exordium Elites Killed (2): 20","Bosses Slain (0): 0","Ascension (20): 116"],"is_ascension_mode":true,"potions_obtained_alchemize":[[],[],[],[],[],[],[],[],[],[],[],[],[],[],[],[]],"campfire_choices":[{"data":"Wild Strike","floor":6,"key":"SMITH"},{"data":"Dark Embrace","floor":8,"key":"SMITH"},{"floor":10,"key":"REST"},{"data":"Corruption","floor":15,"key":"SMITH"}],"lesson_learned_per_floor":[[],[],[],[],[],[],[],[],[],[],[],[],[],[],[],[]],"neow_cost":"NONE","improvable_cards":{},"seed_source_timestamp":587960953182300,"shop_contents":[],"circlet_count":0,"master_deck":["AscendersBane","Strike_R","Strike_R","Strike_R","Strike_R","Strike_R","Defend_R","Defend_R","Defend_R","Defend_R","Bash","Dark Embrace+1","Wild Strike+1","Battle Trance","Sword Boomerang","Pommel Strike","Shrug It Off","True Grit","Feel No Pain","Cleave","Corruption+1"],"potion_use_per_floor":[[],[],[],[],[],[],["SkillPotion"],[],[],[],[],[],["Fire Potion"],["SkillPotion"],[],[]],"relics":["Burning Blood","Strawberry","Kunai","Gremlin Horn","Ice Cream"],"potions_floor_usage":[7,13,14],"damage_taken":[{"damage":2,"enemies":"Cultist","floor":1,"turns":4},{"damage":7,"enemies":"2 Louse","floor":2,"turns":4},{"damage":12,"enemies":"Small Slimes","floor":3,"turns":5},{"damage":14,"enemies":"Blue Slaver","floor":4,"turns":5},{"damage":17,"enemies":"Exordium Wildlife","floor":5,"turns":4},{"damage":35,"enemies":"Lagavulin","floor":7,"turns":6},{"damage":0,"enemies":"Lots of Slimes","floor":11,"turns":4},{"damage":4,"enemies":"Red Slaver","floor":12,"turns":3},{"damage":12,"enemies":"Large Slime","floor":13,"turns":4},{"damage":8,"enemies":"3 Sentries","floor":14,"turns":6},{"damage":54,"enemies":"Slime Boss","floor":16,"turns":11}],"seed_played":"9085019226026686696","neow_bonus_log":{"cardsObtained":[],"cardsUpgraded":[],"cardsRemoved":[],"cardsTransformed":[],"relicsObtained":["Strawberry"],"maxHpGained":0,"goldGained":0,"damageTaken":0,"goldLost":0,"maxHpLost":0},"potions_obtained":[{"floor":1,"key":"EssenceOfSteel"},{"floor":4,"key":"SkillPotion"},{"floor":7,"key":"Ancient Potion"},{"floor":11,"key":"Fire Potion"},{"floor":12,"key":"SkillPotion"}],"is_trial":false,"path_per_floor":["M","M","M","M","M","R","E","R","T","R","M","M","M","E","R","B"],"character_chosen":"IRONCLAD","basemod:card_modifiers":[null,null,null,null,null,null,null,null,null,null,null,null,null,null,null,null,null,null,null,null,null],"items_purchased":[],"campfire_rested":1,"item_purchase_floors":[],"current_hp_per_floor":[79,78,72,64,53,53,24,24,24,48,54,56,50,48,48,0],"gold":278,"neow_bonus":"RANDOM_COMMON_RELIC","is_prod":false,"is_daily":false,"rewards_skipped":[],"chose_seed":false,"campfire_upgraded":3,"win_rate":0,"floor_exit_playtime":[64,101,140,178,223,231,300,307,309,313,398,442,504,603,613],"timestamp":1726720372,"path_taken":["M","M","M","M","M","R","E","R","T","R","M","M","M","E","R","BOSS"],"build_version":"2022-12-18","purchased_purges":0,"victory":false,"max_hp_per_floor":[82,82,82,82,82,82,82,82,82,82,82,82,82,82,82,82],"relic_stats":{"Ice Cream":[1],"Gremlin Horn":[8,9],"counters":[11,56],"Kunai":[9],"obtain_stats":[{"Ice Cream":14,"Gremlin Horn":9,"Strawberry":0,"Kunai":7,"Burning Blood":0},{"Ice Cream":10,"Gremlin Horn":6,"Strawberry":0,"Kunai":6,"Burning Blood":0},{"Ice Cream":45,"Gremlin Horn":28,"Strawberry":0,"Kunai":28,"Burning Blood":0}],"Burning Blood":60},"card_choices":[{"not_picked":["Dual Wield","Power Through"],"picked":"Dark Embrace","floor":1},{"not_picked":["Iron Wave","Bloodletting"],"picked":"Wild Strike","floor":2},{"not_picked":["True Grit","Pommel Strike"],"picked":"Battle Trance","floor":3},{"not_picked":["Warcry","Intimidate"],"picked":"Sword Boomerang","floor":4},{"not_picked":["Havoc","Clash"],"picked":"Pommel Strike","floor":5},{"not_picked":["Warcry","Pommel Strike"],"picked":"Shrug It Off","floor":7},{"not_picked":["Heavy Blade","Body Slam"],"picked":"True Grit","floor":11},{"not_picked":["Iron Wave","Exhume"],"picked":"Feel No Pain","floor":12},{"not_picked":["Shrug It Off","Rage"],"picked":"Cleave","floor":13},{"not_picked":["Whirlwind","Combust"],"picked":"Corruption","floor":14}],"player_experience":2715154,"relics_obtained":[{"floor":7,"key":"Kunai"},{"floor":9,"key":"Gremlin Horn"},{"floor":14,"key":"Ice Cream"}],"event_choices":[],"is_beta":false,"boss_relics":[],"items_purged_floors":[],"is_endless":false,"potions_floor_spawned":[1,4,7,11,12],"killed_by":"Slime Boss","ascension_level":20,"potion_discard_per_floor":[[],[],[],[],[],[],[],[],[],[],["Ancient Potion"],["EssenceOfSteel"],[],[],[],[]]}