{"neow_bonuses_skipped_log":["THREE_SMALL_POTIONS","TWENTY_PERCENT_HP_BONUS","BOSS_RELIC"],"neow_costs_skipped_log":["NONE","CURSE","NONE"],"potions_obtained_entropic_brew":[[],[],[],[],[],[],[],[],[],[],[],[],[],[],[],[],[],[],[],[],[],[],[],[],[],[],[],[],[],[],[],[],[],[],[],[],[],[],[],[],[],[],[],[],[],[],[],[],[],[],[],[],[],[],[],[],[]],"gold_per_floor":[109,128,147,147,72,72,106,106,106,135,149,161,161,195,195,272,272,284,300,17,17,17,51,51,62,62,72,100,112,146,166,166,241,241,258,91,101,119,135,163,163,195,219,219,9,22,38,52,52,52,52,52,52,24,52,52],"floor_reached":57,"playtime":7817,"items_purged":["Pain","Strike_R"],"score":2867,"play_id":"e829c1e9-7a5a-43db-9969-1fc924f4b6f5","local_time":"20241007190430","score_breakdown":["Floors Climbed (57): 285","Enemies Slain (18): 36","Exordium Elites Killed (3): 30","City Elites Killed (3): 60","Beyond Elites Killed (2): 60","Bosses Slain (5): 750","Collector (1): 25","Stuffed: 50","Champion (2): 50","Ascension (20): 1271","Heartbreaker: 250"],"is_ascension_mode":true,"potions_obtained_alchemize":[[],[],[],[],[],[],[],[],[],[],[],[],[],[],[],[],[],[],[],[],[],[],[],[],[],[],[],[],[],[],[],[],[],[],[],[],[],[],[],[],[],[],[],[],[],[],[],[],[],[],[],[],[],[],[],[],[]],"campfire_choices":[{"data":"Carnage","floor":6.0,"key":"SMITH"},{"data":"Cleave","floor":8.0,"key":"SMITH"},{"data":"Anger","floor":13.0,"key":"SMITH"},{"data":"Disarm","floor":15.0,"key":"SMITH"},{"floor":24.0,"key":"RECALL"},{"floor":32,"key":"REST"},{"floor":41,"key":"REST"},{"floor":44,"key":"REST"},{"floor":49,"key":"REST"},{"floor":53,"key":"REST"}],"lesson_learned_per_floor":[[],[],[],[],[],[],[],[],[],[],[],[],[],[],[],[],[],[],[],[],[],[],[],[],[],[],[],[],[],[],[],[],[],[],[],[],[],[],[],[],[],[],[],[],[],[],[],[],[],[],[],[],[],[],[],[],[]],"neow_cost":"NONE","improvable_cards":{},"seed_source_timestamp":54492786509500,"shop_contents":[{"floor":5,"relics":["Vajra","Anchor","PrismaticShard"],"cards":["Clash","Heavy Blade","Shrug It Off","Armaments","Evolve","Enlightenment","Secret Weapon"],"potions":["SkillPotion","SkillPotion","Swift Potion"]},{"floor":20,"relics":["Mummified Hand","Whetstone"],"cards":["Uppercut","Pommel Strike","Fire Breathing+1","Panacea","Magnetism+1"],"potions":["DistilledChaos","SkillPotion","Swift Potion"]},{"floor":36,"relics":["FossilizedHelix","CeramicFish"],"cards":["Uppercut","Bludgeon","Warcry","Armaments","Evolve+1","Finesse","Metamorphosis"],"potions":["AttackPotion","PowerPotion","EntropicBrew"]},{"floor":45,"relics":["Oddly Smooth Stone","Omamori"],"cards":["Reckless Charge","Body Slam","True Grit","Intimidate","Inflame+1","Forethought","Violence"],"potions":["FairyPotion","AttackPotion","FairyPotion"]},{"floor":54,"relics":["Lizard Tail","Bottled Tornado","Orrery"],"cards":["Iron Wave","Fiend Fire","Warcry","Disarm","Rupture+1","Panacea","Mayhem+1"],"potions":["CultistPotion","HeartOfIron"]}],"circlet_count":0,"master_deck":["AscendersBane","Strike_R","Strike_R","Strike_R","Defend_R","Defend_R","Defend_R","Defend_R","Bash","Brutality","Anger+1","Feel No Pain","Carnage+1","Cleave+1","Rampage","Disarm+1","Exhume","Reaper","Bloodletting","Spot Weakness","Feel No Pain+1","Whirlwind+1","Disarm","Metallicize+1","Feed","Corruption+1","Feel No Pain+1","Exhume","Feel No Pain+1","Pommel Strike","Shockwave+1"],"special_seed":0,"potion_use_per_floor":[[],[],[],[],[],[],["ColorlessPotion"],[],[],[],[],[],[],["DistilledChaos"],[],[],[],[],[],[],[],[],["PowerPotion"],[],[],[],[],["PowerPotion"],[],["HeartOfIron"],[],[],["Strength Potion"],[],["Weak Potion"],[],[],[],[],[],[],[],[],[],[],[],[],[],[],["Swift Potion"],[],[],[],[],["Swift Potion"],["PowerPotion","SkillPotion"],[]],"relics":["Burning Blood","WarpedTongs","HornCleat","Mercury Hourglass","Frozen Egg 2","Pantograph","Fusion Hammer","ClockworkSouvenir","Bronze Scales","Gremlin Horn","Orichalcum","Bag of Marbles","Snecko Eye","Chemical X","Boot","Blue Candle","Membership Card","StrikeDummy"],"potions_floor_usage":[30,33,35,50,55,56,56],"damage_taken":[{"damage":17.0,"enemies":"Small Slimes","floor":1.0,"turns":5.0},{"damage":0.0,"enemies":"Cultist","floor":2.0,"turns":3.0},{"damage":8.0,"enemies":"2 Louse","floor":3.0,"turns":4.0},{"damage":15.0,"enemies":"3 Sentries","floor":7.0,"turns":6.0},{"damage":0.0,"enemies":"Gremlin Nob","floor":10.0,"turns":3.0},{"damage":4.0,"enemies":"Lots of Slimes","floor":11.0,"turns":2.0},{"damage":10.0,"enemies":"Gremlin Gang","floor":12.0,"turns":4.0},{"damage":2.0,"enemies":"3 Sentries","floor":14.0,"turns":3.0},{"damage":30.0,"enemies":"Hexaghost","floor":16.0,"turns":10.0},{"damage":16.0,"enemies":"Shell Parasite","floor":18.0,"turns":3.0},{"damage":9.0,"enemies":"2 Thieves","floor":19.0,"turns":4.0},{"damage":35.0,"enemies":"Slavers","floor":23.0,"turns":4.0},{"damage":5.0,"enemies":"Centurion and Healer","floor":25.0,"turns":7.0},{"damage":4.0,"enemies":"Snake Plant","floor":27.0,"turns":5.0},{"damage":25.0,"enemies":"Gremlin Leader","floor":28.0,"turns":7.0},{"damage":31.0,"enemies":"Shelled Parasite and Fungi","floor":29.0,"turns":5.0},{"damage":21,"enemies":"Slavers","floor":30,"turns":4},{"damage":15,"enemies":"Centurion and Healer","floor":31,"turns":10},{"damage":74,"enemies":"Automaton","floor":33,"turns":10},{"damage":17,"enemies":"3 Darklings","floor":35,"turns":6},{"damage":2,"enemies":"3 Shapes","floor":37,"turns":6},{"damage":0,"enemies":"3 Darklings","floor":38,"turns":1},{"damage":10,"enemies":"4 Shapes","floor":39,"turns":10},{"damage":1,"enemies":"Nemesis","floor":40,"turns":8},{"damage":23,"enemies":"Reptomancer","floor":42,"turns":8},{"damage":36,"enemies":"Jaw Worm Horde","floor":46,"turns":4},{"damage":0,"enemies":"Writhing Mass","floor":47,"turns":13},{"damage":11,"enemies":"Transient","floor":48,"turns":6},{"damage":124,"enemies":"Awakened One","floor":50,"turns":14},{"damage":59,"enemies":"Donu and Deca","floor":51,"turns":12},{"damage":60,"enemies":"Shield and Spear","floor":55,"turns":8},{"damage":65,"enemies":"The Heart","floor":56,"turns":11}],"green_key_taken_log":42,"seed_played":"-2033924381620834171","neow_bonus_log":{"cardsObtained":["Brutality"],"cardsUpgraded":[],"cardsRemoved":[],"cardsTransformed":[],"relicsObtained":[],"maxHpGained":0,"goldGained":0,"damageTaken":0,"goldLost":0,"maxHpLost":0},"potions_obtained":[{"floor":2.0,"key":"ColorlessPotion"},{"floor":11.0,"key":"DistilledChaos"},{"floor":14.0,"key":"BlessingOfTheForge"},{"floor":16.0,"key":"PowerPotion"},{"floor":18.0,"key":"PowerPotion"},{"floor":27.0,"key":"HeartOfIron"},{"floor":29.0,"key":"Strength Potion"},{"floor":30,"key":"PowerPotion"},{"floor":33,"key":"Weak Potion"},{"floor":35,"key":"Weak Potion"},{"floor":42,"key":"Swift Potion"},{"floor":55,"key":"SkillPotion"}],"is_trial":false,"path_per_floor":["M","M","M","?","$","R","E","R","T","E","M","M","R","E","R","B",null,"M","M","$","?","?","E","R","M","T","M","E","M","E","M","R","B",null,"M","$","M","M","M","E","R","E","T","R","$","M","M","M","R","B","B",null,"R","$","E","B",null],"character_chosen":"IRONCLAD","basemod:card_modifiers":[null,null,null,null,null,null,null,null,null,null,null,null,null,null,null,null,null,null,null,null,null,null,null,null,null,null,null,null,null,null,null],"items_purchased":["Bloodletting","Spot Weakness","ClockworkSouvenir","Chemical X","Membership Card","Swift Potion"],"campfire_rested":5,"item_purchase_floors":[20,20,20,36,45,54],"current_hp_per_floor":[57,63,61,61,61,61,52,52,52,58,60,56,56,60,60,51,69,59,64,64,64,64,75,75,75,75,75,75,64,68,75,75,7,58,66,66,84,84,86,94,94,85,85,94,94,72,88,98,106,30,38,98,118,118,64,42],"gold":52,"neow_bonus":"ONE_RANDOM_RARE_CARD","is_prod":false,"is_daily":false,"rewards_skipped":[{"floor":38,"relics":[],"potions":["ElixirPotion"]}],"chose_seed":false,"campfire_upgraded":4,"win_rate":0,"floor_exit_playtime":[56,83,118,123,145,150,283,291,293,326,356,444,452,499,506,629,649,701,794,820,838,846,923,935,1023,1025,1095,1222,1300,1377,1509,1513,1686,1723,1891,1908,2004,2024,2183,2307,2311,2472,2475,2480,2498,2609,2825,6770,6772,7046,7323,7338,7342,7357,7545,7817],"timestamp":1728342270,"blue_key_relic_skipped_log":{"floor":43,"relicID":"Bag of Preparation"},"path_taken":["M","M","M","?","$","R","E","R","T","E","?","M","R","E","R","BOSS","M","M","$","?","?","E","R","M","T","M","E","M","E","M","R","BOSS","M","$","M","M","?","E","R","E","T","R","$","M","?","M","R","BOSS","BOSS","R","$","E","BOSS"],"build_version":"2022-12-18","purchased_purges":2,"victory":true,"max_hp_per_floor":[75,75,75,75,75,75,75,75,75,75,75,75,75,75,75,75,75,75,75,75,75,75,75,75,75,75,75,75,75,75,75,75,75,75,78,78,84,84,90,94,94,94,94,94,94,102,106,106,106,110,118,118,118,118,118,118],"relic_stats":{"Gremlin Horn":[34,34],"counters":[32,205],"Blue Candle":[2],"Orichalcum":[240],"Boot":[20],"Burning Blood":161,"WarpedTongs":[187],"Mercury Hourglass":[730],"Pantograph":65,"Bronze Scales":[564],"Snecko Eye":[168,133,135,153,-261],"Chemical X":[21],"Membership Card":78,"obtain_stats":[{"Gremlin Horn":26,"Blue Candle":42,"Frozen Egg 2":10,"Orichalcum":28,"Boot":40,"Burning Blood":0,"WarpedTongs":4,"Mercury Hourglass":9,"ClockworkSouvenir":20,"HornCleat":7,"Pantograph":14,"Bronze Scales":23,"Snecko Eye":34,"Fusion Hammer":17,"Bag of Marbles":30,"Chemical X":36,"Membership Card":45,"StrikeDummy":55},{"Gremlin Horn":13,"Blue Candle":25,"Frozen Egg 2":5,"Orichalcum":15,"Boot":24,"Burning Blood":0,"WarpedTongs":3,"Mercury Hourglass":4,"ClockworkSouvenir":11,"HornCleat":4,"Pantograph":8,"Bronze Scales":12,"Snecko Eye":19,"Fusion Hammer":9,"Bag of Marbles":17,"Chemical X":20,"Membership Card":25,"StrikeDummy":31},{"Gremlin Horn":58,"Blue Candle":137,"Frozen Egg 2":21,"Orichalcum":70,"Boot":129,"Burning Blood":0,"WarpedTongs":12,"Mercury Hourglass":18,"ClockworkSouvenir":47,"HornCleat":18,"Pantograph":30,"Bronze Scales":51,"Snecko Eye":98,"Fusion Hammer":40,"Bag of Marbles":79,"Chemical X":104,"Membership Card":137,"StrikeDummy":194}]},"card_choices":[{"not_picked":["Body Slam","Armaments"],"picked":"Anger","floor":1.0},{"not_picked":["Twin Strike","Havoc"],"picked":"Feel No Pain","floor":2.0},{"not_picked":["Limit Break","Battle Trance"],"picked":"Carnage","floor":3.0},{"not_picked":["Dark Embrace","Sword Boomerang"],"picked":"Cleave","floor":7.0},{"not_picked":["Shrug It Off","Wild Strike"],"picked":"Rampage","floor":10.0},{"not_picked":["Cleave","Twin Strike"],"picked":"Disarm","floor":11.0},{"not_picked":["Warcry","Iron Wave"],"picked":"Exhume","floor":12.0},{"not_picked":["Armaments","Twin Strike","Clash"],"picked":"SKIP","floor":14.0},{"not_picked":["Immolate","Bludgeon"],"picked":"Reaper","floor":16.0},{"not_picked":["Evolve+1","Havoc","Cleave"],"picked":"SKIP","floor":18.0},{"not_picked":["Hemokinesis","Cleave","Whirlwind"],"picked":"SKIP","floor":19.0},{"not_picked":["Entrench","Second Wind","Metallicize+1","Disarm","Ghostly Armor","Perfected Strike","Anger","Heavy Blade","Sword Boomerang","Thunderclap","Clash","Shrug It Off","Hemokinesis","Intimidate","Rage","Armaments","Cleave","True Grit","Seeing Red"],"picked":"Feel No Pain+1","floor":21.0},{"not_picked":["Havoc","Searing Blow+1","Brutality+1"],"picked":"SKIP","floor":23.0},{"not_picked":["Clothesline","Heavy Blade"],"picked":"Whirlwind+1","floor":25.0},{"not_picked":["Dropkick","Flex"],"picked":"Disarm","floor":27.0},{"not_picked":["Iron Wave","Second Wind"],"picked":"Metallicize+1","floor":28.0},{"not_picked":["Cleave","Clothesline","Disarm"],"picked":"SKIP","floor":29.0},{"not_picked":["Flame Barrier","Clothesline"],"picked":"Feed","floor":30},{"not_picked":["Pummel","Carnage","Flame Barrier"],"picked":"SKIP","floor":31},{"not_picked":["Berserk+1","Reaper"],"picked":"Corruption+1","floor":33},{"not_picked":["Havoc","Wild Strike"],"picked":"Feel No Pain+1","floor":35},{"not_picked":["Combust+1","Clash","Anger+1"],"picked":"SKIP","floor":37},{"not_picked":["Reckless Charge","Searing Blow","Clothesline"],"picked":"SKIP","floor":38},{"not_picked":["Clothesline+1","Perfected Strike","Rampage"],"picked":"SKIP","floor":39},{"not_picked":["Combust+1","Inflame+1"],"picked":"Exhume","floor":40},{"not_picked":["Body Slam","Sword Boomerang+1","Perfected Strike"],"picked":"SKIP","floor":42},{"not_picked":["Armaments","Clothesline","Anger"],"picked":"SKIP","floor":46},{"not_picked":["Sever Soul","Heavy Blade"],"picked":"Feel No Pain+1","floor":47},{"not_picked":["Iron Wave","Havoc"],"picked":"Pommel Strike","floor":48},{"not_picked":["Rampage","Carnage"],"picked":"Shockwave+1","floor":55}],"player_experience":2735474,"relics_obtained":[{"floor":7.0,"key":"HornCleat"},{"floor":9.0,"key":"Mercury Hourglass"},{"floor":10.0,"key":"Frozen Egg 2"},{"floor":14.0,"key":"Pantograph"},{"floor":23.0,"key":"Bronze Scales"},{"floor":26.0,"key":"Gremlin Horn"},{"floor":28.0,"key":"Orichalcum"},{"floor":30,"key":"Bag of Marbles"},{"floor":40,"key":"Boot"},{"floor":42,"key":"Blue Candle"},{"floor":55,"key":"StrikeDummy"}],"event_choices":[{"damage_healed":0.0,"max_hp_gain":0.0,"max_hp_loss":0.0,"gold_gain":0.0,"event_name":"Accursed Blacksmith","player_choice":"Rummage","floor":4.0,"gold_loss":0.0,"damage_taken":0.0,"relics_obtained":["WarpedTongs"],"cards_obtained":["Pain"]},{"damage_healed":0.0,"max_hp_gain":0.0,"max_hp_loss":0.0,"gold_gain":0.0,"event_name":"The Library","player_choice":"Read","floor":21.0,"gold_loss":0.0,"damage_taken":0.0,"cards_obtained":["Feel No Pain"]},{"cards_removed":["Strike_R"],"damage_healed":0.0,"max_hp_gain":0.0,"max_hp_loss":0.0,"gold_gain":0.0,"event_name":"Bonfire Elementals","player_choice":"Offered Basic","floor":22.0,"gold_loss":0.0,"damage_taken":0.0}],"is_beta":false,"boss_relics":[{"not_picked":["SacredBark","Runic Dome"],"picked":"Fusion Hammer"},{"not_picked":["Empty Cage","Velvet Choker"],"picked":"Snecko Eye"}],"items_purged_floors":[5,45],"is_endless":false,"potions_floor_spawned":[2,11,14,16,18,27,29,30,33,35,38,42,55],"ascension_level":20,"potion_discard_per_floor":[[],[],[],[],[],[],[],[],[],[],[],[],[],[],[],[],[],["BlessingOfTheForge"],[],[],[],[],[],[],[],[],[],[],[],[],[],[],[],[],[],[],[],[],[],[],[],["Weak Potion"],[],[],[],[],[],[],[],[],[],[],[],[],[],[],[]]}