{"neow_bonuses_skipped_log":["RANDOM_COLORLESS","RANDOM_COLORLESS_2","BOSS_RELIC"],"neow_costs_skipped_log":["NONE","NO_GOLD","NONE"],"potions_obtained_entropic_brew":[[],[],[],[],[],[],[],[],[],[],[],[],[],[],[],[],[],[],[],[],[],[],[],[],[],[],[],[],[],[],[],[],[],[],[],[],[],[],[],[],[],[],[],[],[],[],[],[],[],[],[],[],[],[],[],[],[]],"gold_per_floor":[116,191,211,361,67,67,92,92,92,145,145,172,200,227,227,327,327,359,359,17,35,69,109,109,154,178,203,253,72,206,259,259,364,364,397,429,462,281,354,403,443,443,443,443,483,506,525,525,525,525,525,525,525,69,121,121],"floor_reached":57,"playtime":3084,"items_purged":["Doubt","Strike_R","Strike_R","Strike_R","Wild Strike"],"score":3171,"play_id":"b290eb32-32fa-454c-9399-cf347e0487ce","local_time":"20241019025738","score_breakdown":["Floors Climbed (57): 285","Enemies Slain (14): 28","Exordium Elites Killed (2): 20","City Elites Killed (4): 80","Beyond Elites Killed (2): 60","Bosses Slain (5): 750","Speedster: 25","Money Money (1521): 25","Librarian: 25","Champion (4): 100","Perfect (2): 100","Ascension (20): 1423","Heartbreaker: 250"],"is_ascension_mode":true,"potions_obtained_alchemize":[[],[],[],[],[],[],[],[],[],[],[],[],[],[],[],[],[],[],[],[],[],[],[],[],[],[],[],[],[],[],[],[],[],[],[],[],[],[],[],[],[],[],[],[],[],[],[],[],[],[],[],[],[],[],[],[],[]],"campfire_choices":[{"data":"Twin Strike","floor":6.0,"key":"SMITH"},{"data":"Armaments","floor":11.0,"key":"SMITH"},{"floor":15.0,"key":"REST"},{"data":"Fiend Fire","floor":24.0,"key":"SMITH"},{"data":"Feel No Pain","floor":32.0,"key":"SMITH"},{"data":"Evolve","floor":42.0,"key":"SMITH"},{"floor":44,"key":"RECALL"},{"data":"Feel No Pain","floor":49,"key":"SMITH"},{"floor":53,"key":"REST"}],"lesson_learned_per_floor":[[],[],[],[],[],[],[],[],[],[],[],[],[],[],[],[],[],[],[],[],[],[],[],[],[],[],[],[],[],[],[],[],[],[],[],[],[],[],[],[],[],[],[],[],[],[],[],[],[],[],[],[],[],[],[],[],[]],"neow_cost":"NONE","improvable_cards":{},"seed_source_timestamp":695019782952900,"shop_contents":[{"floor":5,"relics":["Pantograph","Medical Kit"],"cards":["Clothesline","Sever Soul","Flex","Rage","Juggernaut","Swift Strike","Chrysalis"],"potions":["FearPotion","SkillPotion"]},{"floor":20,"relics":["Blood Vial","Strawberry"],"cards":["Iron Wave","Sword Boomerang","Second Wind","Warcry","Bandage Up","Master of Strategy"],"potions":["BloodPotion","GamblersBrew","PowerPotion"]},{"floor":29,"relics":["Bottled Tornado","Singing Bowl","Sling"],"cards":["Body Slam","Hemokinesis","Entrench+1","Flex+1","Rupture","Swift Strike","Thinking Ahead+1"],"potions":["Strength Potion","CultistPotion"]},{"floor":38,"relics":["Nunchaku","White Beast Statue","PrismaticShard"],"cards":["Feed","Perfected Strike","Flex+1","Entrench+1","Mind Blast","Panache"],"potions":["Weak Potion","HeartOfIron","SpeedPotion"]},{"floor":54,"relics":["Boot","Orichalcum","Cauldron"],"cards":["Cleave+1","Perfected Strike+1","Metallicize","Magnetism"],"potions":["BlessingOfTheForge","BlessingOfTheForge"]}],"circlet_count":0,"master_deck":["AscendersBane","Strike_R","Strike_R","Defend_R","Defend_R","Defend_R","Defend_R","Bash","Twin Strike+1","Infernal Blade","Armaments+1","Metallicize","Spot Weakness","Twin Strike","Fiend Fire+1","Sword Boomerang","Feel No Pain+1","Thunderclap","Intimidate+1","Armaments+1","Power Through+1","Corruption","Warcry+1","Shrug It Off+1","Double Tap+1","Burning Pact+1","Flame Barrier+1","Bloodletting+1","Evolve+1","Pommel Strike+1","Power Through+1","Barricade","Uppercut+1","Feel No Pain+1","Flame Barrier+1","Shrug It Off+1","Panacea+1","Disarm+1"],"special_seed":0,"potion_use_per_floor":[[],[],[],[],[],[],["PowerPotion"],[],[],[],[],[],[],[],[],["Fire Potion"],[],["Fire Potion"],[],[],[],[],["Fire Potion"],[],["Weak Potion"],[],[],[],[],[],[],[],["PowerPotion","GamblersBrew"],[],[],[],[],[],[],[],[],[],[],[],[],[],[],[],[],["BloodPotion"],[],[],[],[],[],[],[]],"relics":["Burning Blood","Ancient Tea Set","Vajra","Anchor","Golden Idol","Shuriken","CeramicFish","Velvet Choker","Brimstone","Toxic Egg 2","Ornamental Fan","Oddly Smooth Stone","Gambling Chip","Magic Flower","Mercury Hourglass","MealTicket","Snecko Eye","Du-Vu Doll","CaptainsWheel","Incense Burner","Molten Egg 2","HornCleat","Gremlin Horn"],"potions_floor_usage":[50],"damage_taken":[{"damage":14.0,"enemies":"Jaw Worm","floor":1.0,"turns":4.0},{"damage":5.0,"enemies":"Small Slimes","floor":3.0,"turns":4.0},{"damage":8.0,"enemies":"3 Sentries","floor":7.0,"turns":9.0},{"damage":30.0,"enemies":"Lagavulin","floor":10.0,"turns":6.0},{"damage":0.0,"enemies":"2 Louse","floor":12.0,"turns":2.0},{"damage":14.0,"enemies":"Exordium Wildlife","floor":13.0,"turns":4.0},{"damage":0.0,"enemies":"2 Fungi Beasts","floor":14.0,"turns":3.0},{"damage":38.0,"enemies":"The Guardian","floor":16.0,"turns":14.0},{"damage":8.0,"enemies":"3 Byrds","floor":18.0,"turns":5.0},{"damage":9.0,"enemies":"Shell Parasite","floor":21.0,"turns":2.0},{"damage":0.0,"enemies":"Centurion and Healer","floor":22.0,"turns":4.0},{"damage":17.0,"enemies":"Slavers","floor":23.0,"turns":4.0},{"damage":5.0,"enemies":"Gremlin Leader","floor":25.0,"turns":3.0},{"damage":8.0,"enemies":"Snake Plant","floor":27.0,"turns":2.0},{"damage":21.0,"enemies":"Book of Stabbing","floor":28.0,"turns":4.0},{"damage":4.0,"enemies":"Colosseum Slavers","floor":30.0,"turns":2.0},{"damage":0.0,"enemies":"Colosseum Nobs","floor":30.0,"turns":2.0},{"damage":0.0,"enemies":"Gremlin Leader","floor":31.0,"turns":3.0},{"damage":17.0,"enemies":"Automaton","floor":33.0,"turns":6.0},{"damage":0.0,"enemies":"3 Shapes","floor":35.0,"turns":3.0},{"damage":0.0,"enemies":"Orb Walker","floor":36.0,"turns":2.0},{"damage":1.0,"enemies":"4 Shapes","floor":37.0,"turns":4.0},{"damage":0.0,"enemies":"2 Orb Walkers","floor":39.0,"turns":3.0},{"damage":0.0,"enemies":"Reptomancer","floor":40.0,"turns":4.0},{"damage":0.0,"enemies":"Mind Bloom Boss Battle","floor":41.0,"turns":4.0},{"damage":0,"enemies":"Giant Head","floor":45,"turns":5},{"damage":0,"enemies":"Transient","floor":46,"turns":6},{"damage":0,"enemies":"Maw","floor":47,"turns":5},{"damage":74,"enemies":"Awakened One","floor":50,"turns":10},{"damage":2,"enemies":"Donu and Deca","floor":51,"turns":8},{"damage":3,"enemies":"Shield and Spear","floor":55,"turns":6},{"damage":6,"enemies":"The Heart","floor":56,"turns":8}],"green_key_taken_log":45,"seed_played":"7208043098844212126","neow_bonus_log":{"cardsObtained":[],"cardsUpgraded":[],"cardsRemoved":[],"cardsTransformed":[],"relicsObtained":["Ancient Tea Set"],"maxHpGained":0,"goldGained":0,"damageTaken":0,"goldLost":0,"maxHpLost":0},"potions_obtained":[{"floor":1.0,"key":"SmokeBomb"},{"floor":3.0,"key":"PowerPotion"},{"floor":14.0,"key":"Fire Potion"},{"floor":19.0,"key":"Fire Potion"},{"floor":19.0,"key":"Weak Potion"},{"floor":23.0,"key":"ElixirPotion"},{"floor":25.0,"key":"Ancient Potion"},{"floor":27.0,"key":"FearPotion"},{"floor":30.0,"key":"GamblersBrew"},{"floor":36.0,"key":"Ancient Potion"},{"floor":39.0,"key":"BloodPotion"}],"is_trial":false,"path_per_floor":["M","?","M","?","$","R","E","?","T","E","R","M","M","M","R","B",null,"M","?","$","M","M","E","R","E","T","M","E","$","?","E","R","B",null,"M","M","M","$","?","E","?","R","T","R","E","M","M","T","R","B","B",null,"R","$","E","B",null],"character_chosen":"IRONCLAD","basemod:card_modifiers":[null,null,null,null,null,null,null,null,null,null,null,null,null,null,null,null,null,null,null,null,null,null,null,null,null,null,null,null,null,null,null,null,null,null,null,null,null,null],"items_purchased":["Vajra","Fire Potion","Feel No Pain","Brimstone","PowerPotion","Evolve","Flame Barrier+1","Shrug It Off+1","LiquidMemories","Panacea+1"],"campfire_rested":2,"item_purchase_floors":[5,5,20,20,29,38,54,54,54,54],"current_hp_per_floor":[60,49,50,50,50,50,48,48,48,24,24,30,22,28,48,16,55,53,53,53,50,56,45,45,46,46,44,29,29,37,46,46,38,61,68,68,68,68,68,68,68,68,68,68,68,68,68,68,68,23,30,59,68,68,68,68],"gold":121,"neow_bonus":"RANDOM_COMMON_RELIC","is_prod":false,"is_daily":false,"rewards_skipped":[{"floor":41,"relics":[],"potions":["SneckoOil"]},{"floor":45,"relics":[],"potions":["SneckoOil"]}],"chose_seed":false,"campfire_upgraded":6,"win_rate":0,"floor_exit_playtime":[62,66,107,112,134,143,220,223,225,274,281,304,349,392,396,508,531,611,615,636,670,728,781,792,849,852,880,969,994,1119,1165,1174,1310,1329,1433,1467,1583,1634,1710,1795,1868,1874,1876,1884,2016,2136,2236,2239,2246,2475,2656,2667,2675,2754,2885,3084],"timestamp":1729321058,"blue_key_relic_skipped_log":{"floor":43,"relicID":"Bronze Scales"},"path_taken":["M","?","M","?","$","R","E","?","T","E","R","M","M","?","R","BOSS","M","?","$","M","M","E","R","E","T","M","E","?","?","E","R","BOSS","M","M","M","$","?","E","?","R","T","R","E","M","M","?","R","BOSS","BOSS","R","$","E","BOSS"],"build_version":"2022-12-18","purchased_purges":5,"victory":true,"max_hp_per_floor":[75,75,75,75,75,75,75,68,68,68,68,68,68,68,68,68,68,68,68,68,68,68,68,68,68,68,68,68,68,68,68,68,68,68,68,68,68,68,68,68,68,68,68,68,68,68,68,68,68,68,68,68,68,68,68,68],"relic_stats":{"Gremlin Horn":[0,0],"counters":[32,151],"Golden Idol":251,"CeramicFish":252,"Magic Flower":[20],"Ancient Tea Set":[16],"Burning Blood":155,"Mercury Hourglass":[308],"Shuriken":[35],"Ornamental Fan":[104],"Gambling Chip":[64],"Snecko Eye":[112,118,109,84,-95],"MealTicket":0,"obtain_stats":[{"Gremlin Horn":55,"Golden Idol":8,"CeramicFish":10,"Vajra":5,"Velvet Choker":17,"Oddly Smooth Stone":26,"Magic Flower":30,"Incense Burner":41,"Ancient Tea Set":0,"Burning Blood":0,"Mercury Hourglass":30,"Du-Vu Doll":39,"Anchor":7,"CaptainsWheel":40,"HornCleat":48,"Shuriken":9,"Brimstone":20,"Ornamental Fan":25,"Gambling Chip":28,"Snecko Eye":34,"MealTicket":31,"Molten Egg 2":45,"Toxic Egg 2":23},{"Gremlin Horn":31,"Golden Idol":3,"CeramicFish":4,"Vajra":2,"Velvet Choker":8,"Oddly Smooth Stone":13,"Magic Flower":17,"Incense Burner":25,"Ancient Tea Set":0,"Burning Blood":0,"Mercury Hourglass":17,"Du-Vu Doll":23,"Anchor":3,"CaptainsWheel":24,"HornCleat":28,"Shuriken":3,"Brimstone":9,"Ornamental Fan":13,"Gambling Chip":15,"Snecko Eye":19,"MealTicket":18,"Molten Egg 2":26,"Toxic Egg 2":12},{"Gremlin Horn":143,"Golden Idol":17,"CeramicFish":23,"Vajra":8,"Velvet Choker":46,"Oddly Smooth Stone":64,"Magic Flower":74,"Incense Burner":103,"Ancient Tea Set":0,"Burning Blood":0,"Mercury Hourglass":74,"Du-Vu Doll":95,"Anchor":17,"CaptainsWheel":99,"HornCleat":119,"Shuriken":17,"Brimstone":51,"Ornamental Fan":64,"Gambling Chip":70,"Snecko Eye":83,"MealTicket":77,"Molten Egg 2":108,"Toxic Egg 2":61}]},"card_choices":[{"not_picked":["Dropkick","Thunderclap"],"picked":"Wild Strike","floor":1.0},{"not_picked":["Body Slam","Warcry"],"picked":"Twin Strike","floor":3.0},{"not_picked":["Havoc","Warcry"],"picked":"Infernal Blade","floor":7.0},{"not_picked":["Uppercut","Cleave"],"picked":"Armaments","floor":10.0},{"not_picked":["Warcry","Body Slam"],"picked":"Metallicize","floor":12.0},{"not_picked":["Clash","Body Slam"],"picked":"Spot Weakness","floor":13.0},{"not_picked":["Pommel Strike","Searing Blow"],"picked":"Twin Strike","floor":14.0},{"not_picked":["Bludgeon","Juggernaut"],"picked":"Fiend Fire","floor":16.0},{"not_picked":["Heavy Blade","Reckless Charge"],"picked":"Sword Boomerang","floor":18.0},{"not_picked":["Armaments","Iron Wave","Rage"],"picked":"SKIP","floor":21.0},{"not_picked":["Searing Blow","Uppercut"],"picked":"Thunderclap","floor":22.0},{"not_picked":["Perfected Strike","Thunderclap"],"picked":"Intimidate+1","floor":23.0},{"not_picked":["Clothesline","Blood for Blood"],"picked":"Armaments+1","floor":25.0},{"not_picked":["Clash","Headbutt"],"picked":"Power Through+1","floor":27.0},{"not_picked":["Flex+1","Bloodletting+1"],"picked":"Corruption","floor":28.0},{"not_picked":["Thunderclap","Armaments+1"],"picked":"Warcry+1","floor":30.0},{"not_picked":["Clash","Flex+1"],"picked":"Shrug It Off+1","floor":31.0},{"not_picked":["Exhume+1","Barricade"],"picked":"Double Tap+1","floor":33.0},{"not_picked":["Wild Strike","Cleave+1"],"picked":"Burning Pact+1","floor":35.0},{"not_picked":["True Grit+1","Twin Strike"],"picked":"Flame Barrier+1","floor":36.0},{"not_picked":["Spot Weakness+1","Warcry+1"],"picked":"Bloodletting+1","floor":37.0},{"not_picked":["Cleave+1","Sword Boomerang"],"picked":"Pommel Strike+1","floor":39.0},{"not_picked":["Twin Strike","Heavy Blade"],"picked":"Power Through+1","floor":40.0},{"not_picked":["Pummel","Headbutt"],"picked":"Barricade","floor":41.0},{"not_picked":["Battle Trance+1","Anger+1"],"picked":"Uppercut+1","floor":45},{"not_picked":["Rampage+1","Pummel+1"],"picked":"Feel No Pain","floor":46},{"not_picked":["Iron Wave+1","Infernal Blade+1","Cleave+1"],"picked":"SKIP","floor":47},{"not_picked":["Impervious+1","Headbutt+1"],"picked":"Disarm+1","floor":55}],"player_experience":2767465,"relics_obtained":[{"floor":7.0,"key":"Anchor"},{"floor":9.0,"key":"Shuriken"},{"floor":10.0,"key":"CeramicFish"},{"floor":23.0,"key":"Toxic Egg 2"},{"floor":25.0,"key":"Ornamental Fan"},{"floor":26.0,"key":"Oddly Smooth Stone"},{"floor":28.0,"key":"Gambling Chip"},{"floor":30.0,"key":"Magic Flower"},{"floor":30.0,"key":"Mercury Hourglass"},{"floor":31.0,"key":"MealTicket"},{"floor":39.0,"key":"Du-Vu Doll"},{"floor":40.0,"key":"CaptainsWheel"},{"floor":41.0,"key":"Incense Burner"},{"floor":45,"key":"Molten Egg 2"},{"floor":48,"key":"HornCleat"},{"floor":55,"key":"Gremlin Horn"}],"event_choices":[{"damage_healed":0.0,"max_hp_gain":0.0,"max_hp_loss":0.0,"gold_gain":75.0,"event_name":"World of Goop","player_choice":"Gather Gold","floor":2.0,"gold_loss":0.0,"damage_taken":11.0},{"damage_healed":0.0,"max_hp_gain":0.0,"max_hp_loss":0.0,"gold_gain":150.0,"event_name":"Liars Game","player_choice":"AGREE","floor":4.0,"gold_loss":0.0,"damage_taken":0.0,"cards_obtained":["Doubt"]},{"damage_healed":0.0,"max_hp_gain":0.0,"max_hp_loss":7.0,"gold_gain":0.0,"event_name":"Golden Idol","player_choice":"Lose Max HP","floor":8.0,"gold_loss":0.0,"damage_taken":0.0,"relics_obtained":["Golden Idol"]},{"damage_healed":0.0,"max_hp_gain":0.0,"max_hp_loss":0.0,"gold_gain":0.0,"event_name":"Lab","player_choice":"Got Potions","floor":19.0,"gold_loss":0.0,"damage_taken":0.0},{"damage_healed":0.0,"max_hp_gain":0.0,"max_hp_loss":0.0,"gold_gain":0.0,"event_name":"Colosseum","player_choice":"Fight","floor":30.0,"gold_loss":0.0,"damage_taken":0.0},{"damage_healed":0.0,"max_hp_gain":0.0,"max_hp_loss":0.0,"gold_gain":0.0,"event_name":"Colosseum","player_choice":"Fought Nobs","floor":30.0,"gold_loss":0.0,"damage_taken":0.0},{"damage_healed":0.0,"max_hp_gain":0.0,"max_hp_loss":0.0,"gold_gain":0.0,"event_name":"Mysterious Sphere","player_choice":"Fight","floor":39.0,"gold_loss":0.0,"damage_taken":0.0},{"damage_healed":0.0,"max_hp_gain":0.0,"max_hp_loss":0.0,"gold_gain":0.0,"event_name":"MindBloom","player_choice":"Fight","floor":41.0,"gold_loss":0.0,"damage_taken":0.0}],"is_beta":false,"boss_relics":[{"not_picked":["Black Blood","SacredBark"],"picked":"Velvet Choker"},{"not_picked":["Cursed Key","Tiny House"],"picked":"Snecko Eye"}],"items_purged_floors":[5,20,29,38,54],"is_endless":false,"potions_floor_spawned":[1,3,14,23,25,27,30,36,39,41,45],"ascension_level":20,"potion_discard_per_floor":[[],[],[],[],["SmokeBomb"],[],[],[],[],[],[],[],[],[],[],[],[],[],[],[],[],[],[],[],[],[],["Ancient Potion"],[],["ElixirPotion"],["FearPotion"],[],[],[],[],[],[],[],[],[],[],[],[],[],[],[],[],[],[],[],[],[],[],[],[],[],[],[]]}